4575 6025
1150 482 1198 559 24

356 692 455 755 nullae
478 700 576 755 autem
597 694 635 757 ab
655 695 723 773 ipso
744 694 777 756 B.
801 696 844 755 sic
865 694 1015 773 protectae
1037 696 1173 755 videntur
1193 715 1270 757 esse.
1309 695 1370 756 Nec
1396 696 1498 756 dubito
1519 696 1588 774 quin
1612 699 1696 770 39,4
1719 692 1860 778 εἰρηνεύοι
1884 698 1915 756 in
1936 715 1985 757 en·

356 805 450 858 tremo
472 818 498 859 v.
520 817 580 858 non
601 799 640 858 sit
660 796 759 857 Babrii
787 797 838 857 sed
867 798 1080 875 epitomatoris.
1119 800 1175 857 121
1201 806 1297 858 autem
1325 818 1352 858 ν.
1373 798 1403 857 in
1424 800 1451 856 Α
1473 800 1613 860 omissum
1642 817 1709 859 esse
1736 806 1766 859 et
1790 800 1985 859 tetrastichon

348 880 385 979 p.
409 904 485 973 381,
516 902 628 962 2Nev.
656 906 686 961 et
711 900 744 960 F.
772 903 828 960 157
857 900 1101 959 verisimiIIImum
1128 902 1270 961 reddunt:
1300 920 1387 979 quem
1413 901 1490 960 hunc
1516 901 1577 961 lere
1602 902 1695 961 fuisse
1721 902 1838 962 Lachm.
1866 903 1985 978 egregie

357 1004 527 1081 suspicatus
550 1011 596 1063 est
616 1000 672 1080 (pr.
694 1000 741 1076 18)
765 998 957 1086 χρονιώτερον
983 998 1039 1086 γάρ
1062 989 1209 1085 δορκάδος
1231 1000 1292 1081 βίον
1314 992 1403 1074 ζάσω.
1440 1003 1483 1063 le
1504 1004 1564 1063 illis
1590 1010 1689 1064 autem
1717 1006 1882 1064 summariis
1909 1022 1984 1081 quae

358 1113 486 1183 quatuor
506 1126 553 1167 vv.
575 1107 687 1166 ambitu
708 1105 826 1166 lahulae
853 1107 1030 1165 sententiam
1052 1105 1340 1184 comprehenderent
1359 1112 1429 1165 nata
1455 1113 1524 1167 suut
1550 1106 1657 1166 delude
1684 1108 1858 1166 tetrastIcha
1878 1106 1985 1182 Ignatii

267 1192 270 1199 ¹
359 1209 510 1285 Magistri,
531 1210 567 1269 de
584 1227 640 1286 quo
657 1228 685 1269 v.
701 1208 770 1268 Fur.
787 1228 817 1286 p.
835 1210 884 1267 82.
908 1208 1024 1284 Tyrwh.
1043 1228 1069 1267 u.
1088 1211 1115 1268 5.
1133 1214 1183 1269 40.
1223 1208 1334 1268 Nomen
1356 1215 1454 1269 antem
1471 1207 1598 1268 Gabriae
1620 1210 1698 1287 quod
1720 1210 1871 1269 nonnullis
1888 1228 1923 1268 ex
1937 1209 1985 1270 hIs

356 1312 465 1372 labuIIs
487 1312 649 1389 praefixum
671 1312 780 1387 legitur
800 1312 886 1370 etiam
904 1310 1022 1370 Kellero
1046 1311 1159 1371 homiui
1179 1312 1208 1370 in
1225 1312 1329 1389 paucis
1350 1312 1437 1371 docto
1454 1318 1484 1371 et
1504 1319 1591 1371 acuto
1607 1312 1713 1372 illusit:
1737 1331 1803 1371 nam
1821 1330 1907 1389 quem
1923 1315 1982 1370 411

356 1420 428 1475 extr.
450 1414 487 1473 ab
509 1414 626 1489 Ignatio
648 1414 790 1489 Magistro
817 1413 967 1472 dlversum
989 1432 1056 1473 esse
1078 1415 1182 1473 statuit
1205 1413 1345 1474 Gabriam
1366 1416 1393 1473 is
1420 1433 1568 1491 nunquam
1596 1415 1651 1473 luit
1676 1414 1730 1474 sed
1751 1432 1849 1475 errore
1871 1420 1985 1473 tantum

356 1516 442 1577 fictus
459 1522 520 1590 est,
543 1522 575 1575 ut
589 1516 639 1575 alii
656 1533 772 1592 quoque
789 1516 898 1575 dudum
916 1515 1130 1577 intellexerant.
1170 1516 1255 1592 Quod
1271 1537 1362 1595 quum
1383 1518 1450 1577 aliis
1472 1518 1508 1576 de
1524 1517 1639 1577 caussis
1655 1518 1846 1595 perspicuum
1862 1522 1909 1577 est
1923 1522 1986 1576 tum

357 1619 427 1679 iude
443 1620 522 1696 quod
538 1636 613 1695 quae
629 1618 688 1678 lab.
705 1618 784 1695 apud
801 1617 904 1679 Nevel.
921 1621 1087 1679 381-387
1106 1638 1178 1696 prae
1200 1637 1232 1679 se
1253 1622 1351 1680 lerunt
1370 1638 1476 1679 nomeu
1492 1599 1617 1679 Babriae
1634 1620 1767 1679 einsdem
1784 1620 1901 1695 generis
1918 1624 1986 1679 sunt

356 1721 544 1791 tetrasticha,
571 1722 591 1781 1.
615 1728 712 1781 autem
727 1720 875 1781 Bebriana
894 1722 971 1781 inter
995 1720 1161 1781 Gabrianas
1182 1723 1291 1799 legitur
1312 1724 1383 1783 379.
1420 1721 1576 1799 Quidquod
1598 1723 1628 1781 in
1652 1721 1717 1782 cod.
1739 1721 1848 1781 blatrit.
1874 1721 1985 1781 diserte

356 1824 465 1899 legitur
479 1822 661 1907 τετράστιχα
677 1818 798 1906 βαβρίου
814 1820 865 1881 καὶ
881 1821 1003 1894 έλληνος
1019 1822 1150 1902 (Lachm.
1166 1844 1210 1902 pr.
1227 1823 1356 1902 xvflq,
1376 1827 1406 1884 irr
1423 1825 1487 1885 cod.
1504 1824 1590 1884 Laur.
1606 1842 1685 1906 τετρ.
1701 1817 1830 1907 Γαβρίου
1845 1842 1985 1908 γραμμα-

355 1932 441 1985 τικοῦ
463 1924 513 1985 καὶ
534 1923 671 2001 ἓλληνος,
691 1926 723 1985 iu
743 1923 888 1985 Caesareo
906 1919 1034 2007 Βαβρίου
1051 1922 1081 1985 έν
1102 1924 1231 2011 ἐπιτομῇ
1252 1921 1443 2012 μεταγραφὲν
1464 1923 1520 1985 ύπό
1537 1920 1678 2012 Ἰγνατίου
1700 1917 1901 2010 Μαγίστορος,
1922 1926 1985 1985 cod.

356 2029 423 2090 Par.
439 2023 568 2113 Γαβρίου
584 2026 615 2087 έν
631 2025 759 2110 ἐπιτομῇ
774 2045 853 2109 τετρ.
870 2024 1050 2106 1111116110),
1067 2048 1192 2107 quocum
1209 2031 1244 2091 cl.
1262 2030 1486 2107 inscriptIonem
1501 2028 1574 2089 Ner.
1591 2035 1621 2088 et
1636 2028 1700 2089 cod.
1717 2028 1844 2088 Naniani
1855 2020 1985 2110 Γαβρίου

356 2122 506 2201 Ἕλληνος
526 2127 723 2215 τετράστιχα,
745 2131 775 2189 in
798 2130 857 2190 alio
878 2130 943 2190 cod.
959 2124 1103 2215 Ἰγνατίου
1124 2118 1264 2191 διακόνου
1283 2126 1465 2215 τετράστιχα
1486 2116 1611 2213 διίαμβα
1626 2132 1665 2200 εἰς
1679 2126 1748 2200 τοὺς
1764 2122 1874 2213 μύθους
1889 2124 1985 2187 Αἰσω-
2020 2111 2025 2117 ’

355 2230 458 2303 πικοὺς
480 2225 715 2317 μεταῳραστικά.
739 2231 807 2310 (llo.
825 2236 874 2292 30.
893 2235 942 2293 63.
963 2252 992 2292 n.
1014 2233 1130 2294 Fabric.
1151 2236 1182 2294 in
1203 2236 1278 2313 prol.
1301 2235 1347 2296 ed.
1364 2229 1445 2313 Fur.)
1483 2233 1650 2294 Contuleris
1671 2252 1718 2292 vv.
1741 2233 1791 2310 qui
1813 2234 1869 2294 sub
1885 2232 1986 2293 Babrii
2007 2214 2011 2221 ⁵

357 2338 475 2397 nomiae
491 2336 565 2397 alo.
583 2334 733 2411 Georgide
748 2336 919 2395 afferuntur.
956 2336 1077 2396 Praeter
1093 2340 1131 2397 53
1154 2350 1251 2397 autem
1273 2338 1446 2398 tetrasticha
1461 2336 1583 2412 IgnatII,
1608 2353 1683 2412 quae
1699 2334 1860 2395 Neveletus
1883 2334 1984 2409 edidit,

356 2438 462 2515 vigiuti
484 2444 513 2497 et
532 2438 660 2497 tortasse
681 2438 770 2497 etiam
791 2438 877 2514 plura
900 2438 1058 2499 Wilhelmo
1080 2440 1196 2500 cuidam
1216 2436 1304 2519 (teste
1325 2439 1457 2500 Knoehi⁰
1480 2458 1508 2516 p.
1531 2436 1582 2515 30)
1603 2444 1675 2497 nota
1694 2445 1794 2511 erant3
1824 2440 1862 2497 81
1884 2438 1985 2495 Insunt

356 2542 386 2601 iu
408 2541 472 2601 cod.
496 2541 603 2600 llatrIt.
613 2537 647 2617 *1.
686 2541 886 2601 decesserunt
907 2544 924 2601 3
950 2538 994 2617 (8)
1018 2539 1198 2603 tetrastIcha‘
1212 2548 1242 2603 et
1263 2542 1415 2603 blabulae
1435 2560 1471 2601 eo
1493 2541 1579 2601 metri
1602 2540 1813 2618 generequod
1836 2538 1982 2614 descrIpsi

357 2645 538 2721 compositae
551 2661 566 2703 a
579 2643 643 2703 cod.
656 2643 750 2704 ParIs.
764 2642 836 2720 Reg.
853 2646 931 2705 1685
945 2650 975 2705 et
990 2647 1068 2705 1571
1087 2663 1162 2723 quae
1174 2645 1203 2704 iu
1219 2646 1333 2705 libello:
1356 2644 1460 2705 Notius
1476 2645 1543 2704 d’un
1559 2662 1645 2704 mscr.
1660 2642 1736 2703 Grec
1751 2645 1909 2703 contenent
1924 2656 1981 2699 une

356 2743 508 2807 redaction
528 2744 636 2807 inedita
659 2746 712 2807 des
733 2746 829 2807 lables
851 2728 978 2825 d'IIsope
999 2767 1054 2826 par
1075 2748 1112 2807 11.
1133 2748 1167 2808 Ε.
1190 2747 1294 2807 hliller.
1315 2747 1400 2807 Paris
1418 2751 1495 2807 1841
1520 2745 1647 2822 (Extrait
1666 2746 1703 2805 de
1723 2746 1753 2805 la
1773 2747 1801 2805 1.
1823 2744 1919 2822 partie
1943 2742 1982 2800 du

356 2856 377 2909 t.
402 2854 439 2909 14
462 2849 514 2909 das
540 2849 655 2909 notices
682 2848 735 2909 des
762 2845 862 2926 mser.)
885 2855 1022 2926 prostant
1048 2850 1095 2910 rel
1121 2851 1221 2928 potius
1243 2850 1345 2910 latent.
1384 2848 1486 2927 Neque
1513 2850 1591 2909 enim
1610 2868 1630 2907 a
1649 2865 1797 2925 quoquam
1824 2848 1887 2906 elus
1914 2843 1982 2904 libri

355 2952 534 3014 mentionem
555 2952 663 3013 iactam
686 2952 822 3032 cognovi.
859 2951 995 3014 Halmius
1015 2959 1114 3013 autem
1135 2970 1222 3030 quem
1242 2953 1299 3013 hoc
1319 2953 1444 3014 maxime
1467 2952 1593 3013 decebat
1613 2956 1673 3009 tarn
1695 2955 1865 3011 constanter
1889 2948 1925 3007 de
1946 2964 1982 3007 eo

358 3061 438 3116 tacet
451 3061 484 3116 ut
501 3055 558 3114 nisi
574 3055 734 3132 singularis
751 3055 820 3116 eius·
832 3055 966 3116 doctrina
987 3063 1016 3116 et
1036 3057 1191 3132 dihgentia
1210 3057 1241 3117 in
1255 3057 1302 3116 his
1318 3074 1435 3134 quoque
1450 3055 1559 3115 fabulis
1574 3054 1764 3114 recensendis
1781 3052 1898 3113 abunde
1914 3069 1983 3128 per-

357 3159 463 3237 spicua
477 3163 593 3218 vetaret
608 3175 674 3217 eum
690 3157 883 3217 Millerianam
899 3158 1180 3219 commentationem
1191 3159 1380 3219 utilissimam
1395 3159 1549 3235 ignorasse
1566 3157 1703 3218 dicerem.
1732 3155 1848 3216 Fabula
1862 3153 1983 3214 allunde

355 3279 415 3322 non
438 3262 557 3338 cognita
578 3255 686 3343 ἀρότης
708 3256 759 3318 καὶ
781 3254 871 3331 λύκος
892 3261 972 3340 apud
988 3261 1059 3322 Mill.
1076 3268 1157 3321 extat
1170 3281 1200 3339 p.
1218 3263 1269 3322 17.
1286 3265 1313 3322 6.
1352 3260 1445 3336 Quam
1463 3259 1488 3320 H
1504 3261 1705 3338 praetermisit
1719 3265 1752 3319 ut
1766 3260 1786 3319 1.
1803 3259 1840 3319 de
1857 3257 1984 3335 dipsade

357 3370 386 3424 et
400 3363 485 3424 asino
502 3382 587 3440 quarn
605 3363 733 3440 antiquis
755 3381 827 3424 usus
844 3365 1012 3424 auctoribus
1028 3363 1093 3424 Ael.
1111 3363 1146 3422 N.
1163 3366 1199 3424 Α.
1217 3367 1245 3438 6,
1262 3367 1311 3424 bl.
1328 3383 1357 3424 ν.
1372 3364 1433 3425 Iac.
1449 3383 1478 3422 n.
1496 3365 1556 3422 236
1573 3363 1712 3423 narravit.
1738 3383 1763 3422 ν.
1779 3379 1895 3439 quoque
1911 3359 1982 3420 Mill.

357 3469 396 3527 60
411 3485 441 3544 p.
459 3467 508 3526 58.
532 3466 628 3542 Ignat.
644 3449 725 3526 'Nea
749 3469 886 3538 360,13.
924 3466 971 3526 Ad
987 3467 1006 3526 1.
1027 3471 1061 3526 11
1085 3466 1160 3527 haec
1181 3467 1275 3526 verba
1293 3461 1335 3550 μη
1356 3461 1444 3550 μόνον
1466 3461 1559 3531 αὐτὴν
1582 3463 1693 3523 τίκτειν
1715 3459 1867 3522 ἀλλὰκαὶ
1888 3482 1983 3546 παρα-

356 3553 450 3638 δόξως
464 3572 518 3627 τοῦ
535 3553 568 3626 δὲ
583 3567 720 3652 ποιμένος
741 3565 914 3651 ἀχαριστίαν
933 3574 987 3627 τοῦ
1004 3565 1201 3638 ἀπαιτοῦντος
1215 3564 1251 3627 τό
1267 3563 1351 3652 χρέος
1365 3571 1604 3652 κατηγοροῦντος
1618 3568 1731 3650 ἔφησαν
1747 3564 1983 3649 έπιστραρεῖσαι·

355 3665 437 3729 ἀλλά
452 3667 502 3729 καὶ
518 3690 544 3729 κ.
559 3670 628 3730 τλ
665 3671 762 3733 Miller
782 3671 905 3730 adnotat
920 3671 949 3744 ‘il
964 3691 983 3748 y
998 3691 1017 3730 a
1031 3671 1159 3748 quelque
1180 3671 1270 3731 chose
1291 3667 1418 3731 d’oublic‘r
1435 3671 1510 3731 dans
1532 3670 1560 3729 le
1580 3675 1676 3743 texte3
1702 3687 1742 3729 on
1763 3687 1800 3728 ne
1821 3666 1983 3745 comprend

356 3791 411 3852 pas
427 3779 575 3834 comment
589 3773 721 3834 arrivent
736 3791 786 3833 ces
801 3769 938 3834 feminIns
955 3773 1079 3851 pluriels
1095 3774 1144 3851 qui
1160 3793 1197 3834 ne
1213 3779 1283 3834 sont
1297 3793 1353 3852 pas
1368 3769 1494 3833 iustitiis
1509 3791 1565 3850 par
1579 3791 1613 3832 cc
1629 3773 1677 3849 qui
1696 3768 1839 3848 precede’.
1868 3769 1983 3828 Etenim

356 3876 432 3937 duae
447 3877 506 3938 fab.
528 3877 558 3936 in
581 3895 669 3936 unam
693 3876 876 3938 coaluerunt:
899 3877 998 3937 verbis
1020 3871 1101 3935 ἀλλά
1122 3873 1173 3934 καὶ
1194 3861 1372 3960 παραδόξως
1388 3876 1469 3954 prlor
1483 3893 1554 3953 pars
1570 3875 1628 3935 lab.
1647 3878 1681 3933 11
1700 3856 1848 3946 1ο11υο(ό
1865 3873 1882 3930 5
1900 3870 1927 3930 H
1946 3874 1980 3930 11

356 3998 386 4057 p.
404 3982 421 4039 5
444 3977 545 4057 extr.):
569 3979 702 4056 sequitur
722 3985 821 4039 autem
841 3997 901 4040 non
921 3979 1016 4039 altera
1037 3999 1106 4056 pars
1129 3979 1263 4040 eiusdem
1283 3979 1319 4054 1.,
1343 3978 1397 4039 sed
1417 3977 1602 4056 insequentis
1624 3977 1643 4036 1.
1666 3974 1685 4035 S
1703 3978 1731 4034 6.
1751 3974 1780 4034 Η
1804 3977 1849 4032 11.
1871 3978 1926 4031 τοῦ
1950 3957 1984 4030 δὲ

355 4076 495 4164 ποιμένος
515 4077 688 4165 ἀχαριστίαν
711 4081 810 4140 αὐτῶν
831 4087 1070 4166 κατηγοροῦντος
1089 4083 1108 4140 i.
1122 4093 1151 4142 e.
1171 4086 1233 4140 τῶν
1254 4081 1356 4165 αἰγῶν.
1393 4079 1449 4156 Qui
1475 4081 1549 4140 haec
1576 4079 1736 4156 descrIpsit
1760 4075 1891 4136 fabulam
1915 4093 1983 4134 esse

356 4203 443 4244 unam
460 4185 588 4262 putavit:
612 4183 698 4244 aliter
713 4185 789 4244 enim
805 4203 859 4263 pro
876 4179 976 4243 αύτῶν
990 4203 1051 4244 nou
1067 4185 1239 4262 scripsisset
1252 4188 1308 4241 τοῦ
1326 4182 1522 4252 ἀπαιτοῦντος
1536 4177 1572 4240 τό
1587 4176 1678 4265 χρέος.
1706 4179 1802 4238 Etiam
1820 4181 1859 4237 70
1876 4177 1985 4238 coaluit

356 4285 488 4346 erate
510 4293 539 4346 et
560 4289 629 4347 315.
668 4286 803 4348 Ceterum
824 4275 941 4348 notabis
964 4287 1157 4347 llillerianam
1179 4287 1381 4347 collectionem
1402 4287 1573 4361 Augusteae
1596 4301 1662 4344 esse
1683 4287 1848 4358 cognatam.
1887 4279 1981 4354 Quam

356 4389 474 4466 plurimi
487 4389 544 4448 loci
559 4390 629 4450 inde
645 4395 714 4450 sunt
729 4390 920 4452 emendandi:
937 4395 1031 4450 scatet
1046 4389 1123 4449 enim
1139 4389 1227 4449 vitiis.
1244 4408 1269 4449 e.
1283 4409 1327 4465 gr.
1343 4389 1364 4449 1.
1381 4391 1416 4447 13
1432 4392 1494 4445 τῶν
1510 4371 1543 4445 δὲ
1558 4390 1719 4470 ναυπηγῶν
1735 4378 1926 4444 σκοπούντων
1941 4377 1982 4440 τά

357 4490 472 4550 ἑαυτῶν
492 4487 543 4549 καὶ
563 4487 793 4576 ἐγκαλουμένων
820 4492 860 4561 εἰς
886 4490 1038 4574 ἀπόκρισιν
1065 4493 1153 4552 scrib.
1181 4487 1383 4550 σκωπτόντων
1404 4508 1439 4548 τε
1461 4484 1552 4547 αύπόν
1573 4484 1624 4546 καὶ
1646 4486 1749 4547 έκκαλ
1786 4486 1843 4545 Pro
1863 4489 1925 4542 τῶν
1949 4468 1983 4542 δὲ

357 4579 574 4679 διανοουμένων
590 4613 646 4656 scr.
662 4590 715 4653 τόν
731 4579 765 4653 δέ
781 4589 840 4653 Δία
855 4579 1064 4676 διανοούμενον
1080 4599 1135 4654 cet.
1174 4593 1230 4654 Sed
1247 4599 1280 4654 ut
1295 4594 1373 4654 seria
1388 4595 1602 4653 commutentur
1623 4591 1686 4652 risu
1701 4588 1819 4667 lepidos
1835 4586 1980 4664 quosdam

457 4853 478 4923 ’)
490 4859 517 4906 In
529 4863 618 4907 tetrast.
631 4859 687 4906 Ner.
701 4860 731 4907 38
745 4875 768 4920 p.
782 4859 863 4908 37611
877 4859 925 4908 334
938 4875 957 4907 ο.
976 4849 1081 4923 ἰατρικῆς
1100 4851 1219 4922 μετῆλθον
1238 4848 1288 4922 ἔργ’
1306 4847 1407 4912 ἀναξίως
1426 4872 1469 4905 scr.
1482 4872 1532 4903 csse
1545 4857 1632 4903 concho
1645 4846 1751 4908 ἀδεξίως,
1772 4856 1803 4901 39
1817 4870 1839 4914 p.
1853 4854 1901 4901 377
1915 4848 1981 4915 ζῷον

356 4927 482 5001 τράχηλον
495 4929 521 4982 ἐκ
534 4930 610 4982 λύκου
624 4929 714 5000 λαιμοῦ
728 4930 808 5000 φέρων
822 4939 908 4996 corrige
921 4933 994 4981 σῶον.
1013 4938 1029 4983 4
1041 4952 1063 4997 p.
1077 4938 1125 4984 383
1138 4938 1163 4984 in
1174 4939 1275 4982 extremo
1286 4951 1309 4980 v.
1322 4928 1406 4998 γένουι
1425 4935 1504 4980 debuit
1519 4931 1590 4996 γενοῦ
1608 4934 1670 4993 quod
1681 4931 1794 4978 relclIItur
1805 4934 1912 4979 accentu:
1934 4945 1980 4977 scr.

356 5008 432 5077 γίνου.
451 5016 502 5075 9p.
515 5015 564 5062 386
583 5005 660 5078 ἄγρην
676 5005 772 5078 γεράνῳ
792 5007 871 5076 μέριζε
888 5007 927 5058 καὶ
944 5008 1027 5077 κερδοῖ
1042 5006 1118 5058 λέωνι
1146 5029 1169 5060 r.
1181 5027 1227 5059 uon
1244 5016 1345 5069 coustat;
1366 5004 1462 5076 γεράνῳ
1477 5012 1560 5058 falsum
1572 5015 1620 5058 cstr
1638 5011 1723 5068 corrige
1737 4997 1813 5071 ἄγρην
1827 4999 1878 5071 ὄνῳ
1892 5001 1982 5071 μέριζε.

356 5083 451 5154 γεράνῳ
469 5095 543 5138 ortum
559 5107 588 5138 ex
604 5103 651 5155 γρ,
662 5078 720 5154 όνῳ.
739 5093 770 5138 25
783 5107 807 5152 p.
820 5093 868 5138 376
886 5084 945 5149 πῆξε
962 5083 1068 5153 χελιδὼν
1086 5082 1196 5135 νεοσσίαν
1209 5082 1331 5153 κριτηρίου
1344 5082 1445 5153 ύπερύεν
1461 5103 1506 5135 scr.
1517 5082 1565 5151 {crit
1577 5077 1670 5131 καλιάν.
1700 5086 1742 5131 Isti
1753 5100 1844 5146 quoque
1856 5101 1892 5132 vr.
1905 5087 1980 5132 ramas

356 5169 473 5216 subierunt
488 5169 642 5216 recensiones.
671 5168 753 5214 Latent
764 5170 789 5215 lu
802 5169 835 5214 als
847 5181 882 5213 vv.
896 5167 1008 5224 Babriani,
1022 5167 1084 5213 velut
1095 5182 1118 5226 p.
1132 5169 1163 5213 18
1176 5182 1199 5214 n.
1214 5169 1226 5213 1
1240 5166 1298 5212 blill.
1317 5159 1427 5228 γεωργός
1444 5158 1516 5209 ὤπτα
1533 5156 1636 5226 κοχλίας
1653 5156 1788 5227 ἀριστῆσαι.
1818 5163 1853 5210 De
1866 5163 1882 5208 l.
1895 5174 1911 5207 α
1924 5173 1983 5206 corr·

356 5261 377 5290 ν.
390 5245 435 5292 lac.
448 5249 474 5293 A.
488 5246 514 5292 P.
527 5248 584 5292 731.
613 5246 773 5304 Fragmentum
785 5259 876 5292 uorum.
909 5297 912 5308 Ι
