4575 6025
1073 461 1163 531 Χ12

329 665 414 725 Path.
433 666 461 737 2,
478 666 548 724 235.
572 664 617 724 Et.
635 664 672 724 Μ.
691 666 739 726 74.
777 666 873 727 littam
894 666 974 737 ταώς
995 665 1066 739 νεώς
1087 655 1245 751 ἀξιόχρεως
1264 668 1413 745 multaque
1433 668 1492 729 aha
1512 684 1577 729 νου.
1600 667 1666 727 sim.
1687 668 1803 729 ratione
1817 672 1953 745 tempore

330 768 381 828 illo
396 768 598 827 flectebantur.
622 767 731 829 Buttm.
751 774 782 841 l,
799 772 869 829 221.
894 765 1056 854 μεσόχιων.
1080 755 1203 854 κερόοῦν
1219 772 1275 844 95,
1296 772 1334 829 47
1360 770 1446 829 Mein.
1467 770 1503 831 oi.
1525 773 1573 830 est
1594 788 1699 846 parum
1713 775 1803 831 certa.
1828 788 1855 828 v.
1872 768 1953 829 Sehi.

331 870 397 929 Mel.
422 872 460 929 93
483 888 527 946 sq.
561 868 611 929 Gr.
637 870 703 931 Cor.
729 873 799 931 427.
824 872 882 932 Iac.
908 873 944 933 A.
970 872 1001 931 Ρ.
1031 877 1099 933 100.
1123 891 1185 933 aco.
1213 856 1309 951 κερόώ
1336 874 1411 945 106,
1436 874 1464 931 9.
1496 865 1607 953 ὀρνιθος
1632 865 1708 954 ὄρνιν
1734 865 1825 953 ὄρνεις
1848 864 1955 953 ὀρνέων

331 964 453 1051 ὀρνίθων
474 966 607 1053 (ὀρνέοις)
630 972 701 1033 Obs.
722 973 786 1034 Pol.
809 977 857 1033 25.
888 975 971 1034 Arat.
993 977 1111 1035 nonnisi
1132 976 1243 1035 lormas
1263 993 1283 1033 a
1303 975 1396 1052 stirpe
1420 966 1497 1057 όρνιθ
1519 973 1669 1033 derivatas
1689 974 1789 1034 habet.
1819 974 1889 1033 Αυο.
1912 973 1953 1051 pl.

332 1071 460 1152 βασιλεῖς
476 1076 526 1147 95,
543 1076 592 1133 50.
616 1093 677 1136 aco.
694 1072 804 1153 βασιλῆ
818 1094 853 1137 ex
873 1070 929 1135 λέα
943 1078 1186 1156 pronuntiatione
1201 1078 1324 1138 effectus
1339 1081 1372 1137 ut
1386 1068 1535 1146 τεθνώσας
1555 1062 1669 1145 κατῆὶε
1684 1078 1734 1149 95,
1751 1078 1789 1137 78
1806 1093 1822 1135 e
1836 1074 1954 1137 Laohm.

332 1178 384 1249 oi.;
407 1176 442 1235 el.
463 1171 611 1257 περιόντες
634 1180 703 1251 126,
721 1180 748 1239 6.
772 1175 902 1237 έπείκεια
917 1179 1100 1243 8υ1ιιιο1ι1ενν.
1121 1181 1160 1241 ad
1178 1184 1247 1253 104,
1264 1182 1280 1239 7
1298 1199 1328 1257 p.
1343 1178 1423 1240 XIV.
1447 1179 1483 1240 ef.
1499 1178 1589 1239 Dobr.
1611 1179 1649 1238 ad
1670 1178 1755 1239 Pors.
1776 1178 1954 1239 Arist.135.

333 1279 369 1339 de
384 1298 412 1337 n.
438 1298 482 1357 pr.
505 1298 533 1339 ν.
550 1278 604 1339 Blr.
625 1280 703 1340 hom.
726 1280 837 1354 Bl.41,
856 1286 903 1343 14.
928 1278 1038 1360 βασιλῆ
1058 1283 1171 1343 Bdekh.
1193 1300 1250 1343 sor.
1270 1282 1356 1341 Pind.
1372 1281 1456 1341 Nem.
1476 1284 1508 1354 1,
1524 1282 1574 1340 33.
1597 1300 1624 1340 ν.
1640 1300 1670 1341 ιι.
1686 1298 1727 1341 οι.
1743 1299 1772 1357 p.
1790 1283 1861 1341 514.
1897 1280 1955 1340 Sed

333 1380 453 1441 Ellendt
471 1381 503 1441 I..
527 1381 557 1441 S.
577 1386 608 1457 1,
625 1384 685 1441 298
707 1400 742 1443 ex
763 1383 891 1461 Hesyoh.
916 1391 946 1444 et
965 1384 1007 1445 St.
1031 1374 1100 1463 Byr.
1118 1403 1143 1447 s.
1161 1404 1188 1445 ν.
1210 1378 1373 1468 Ἀγάρριεια
1394 1383 1484 1443 scribi
1505 1383 1589 1443 iubet
1609 1378 1717 1459 βασίλη
1737 1382 1799 1465 1.,ε.
1821 1377 1957 1460 βασίλεια

333 1484 419 1561 prob.
435 1483 511 1559 ng.
532 1486 600 1543 152.
624 1484 691 1545 tort.
707 1490 805 1545 tamen
822 1480 948 1563 βασιλέα
963 1506 1010 1564 ap.
1026 1487 1113 1547 Babr.
1131 1488 1234 1563 glossa
1247 1491 1303 1547 est.
1327 1490 1425 1565 νομῆα
1442 1488 1512 1557 130,
1531 1490 1543 1544 l
1563 1484 1600 1544 ei.
1624 1479 1760 1567 οὐρήεσσι
1779 1488 1849 1557 131,
1865 1486 1904 1544 24
1921 1484 1957 1543 oi.

333 1584 412 1644 Dixit
427 1580 493 1662 βόες
507 1580 578 1663 βόας
593 1580 696 1669 βότρυς
712 1606 739 1647 ιι.
756 1588 797 1665 pl.
814 1581 914 1671 ἰχθύας
930 1591 958 1661 9,
976 1592 1003 1649 6.
1020 1584 1095 1673 ρόας
1111 1593 1166 1664 31,
1184 1591 1231 1651 16.
1248 1593 1278 1648 et
1293 1591 1356 1671 μῦς.
1372 1575 1450 1669 ἦρος.
1466 1592 1524 1653 νῆα
1539 1589 1589 1661 71,
1610 1590 1635 1647 1.
1652 1581 1737 1656 νεώς..
1746 1580 1839 1669 κρέως
1854 1590 1956 1669 κρεῶν.

334 1686 371 1745 de
386 1706 414 1747 v.
430 1680 516 1769 κέρας
532 1687 666 1771 diximus.
684 1708 747 1751 voc.
763 1684 859 1760 τάλας
880 1697 910 1751 et
923 1685 1030 1749 τάλαν.
1055 1686 1152 1751 οὔατα
1164 1688 1214 1763 95,
1231 1693 1281 1751 40.
1304 1685 1387 1759 ὠτός.
1411 1694 1572 1768 comparat.
1593 1690 1624 1749 in
1639 1708 1679 1747 ων
1693 1690 1785 1751 habet
1799 1694 1829 1749 et
1843 1690 1958 1750 solutas

335 1794 364 1848 et
379 1794 470 1849 contr.
487 1790 597 1850 formas
612 1786 678 1869 (45,
696 1794 713 1851 6
729 1780 865 1871 μείζονάς
884 1810 919 1852 τε
940 1790 990 1852 καὶ
1011 1789 1180 1877 κρείσσους).
1204 1787 1342 1876 φάρυγος.
1357 1776 1468 1861 ’ὀαιτός
1488 1777 1579 1851 ὀαῒτα
1594 1777 1728 1858 εόόαίτη
1743 1790 1926 1853 Schneidew.
1942 1809 1958 1851 e
2071 1826 2075 1829 ·

337 1886 449 1975 κλαγχί
464 1892 577 1952 effinxit
591 1911 651 1952 aee.
668 1887 791 1979 κλάγγα
808 1898 856 1968 73,
876 1890 937 1975 11).
971 1895 1035 1957 See.
1052 1896 1127 1957 deol.
1144 1914 1212 1973 gen.
1228 1914 1266 1955 m.
1282 1912 1327 1951 οιο
1343 1900 1373 1955 et
1388 1895 1447 1955 dat.
1462 1895 1493 1955 in
1509 1912 1537 1952 σι
1552 1900 1717 1955 occurrunt.
1742 1888 1833 1977 σφέας
1847 1892 1956 1977 ἡμέων.

336 1979 389 2050 hdo
406 1977 475 2051 θύω.
512 1994 578 2054 Adi.
602 1996 632 2055 in
654 2016 686 2066 υς
707 2002 736 2057 st
756 2014 804 2066 ους
823 1997 907 2058 form.
930 2004 960 2057 et
979 2004 1071 2061 eontr.
1094 2004 1124 2059 et
1139 1999 1253 2059 solutas
1269 2014 1359 2075 quum
1373 1998 1435 2057 Att.
1455 2003 1518 2059 tum
1537 1997 1601 2059 Ion.
1622 1998 1722 2070 hahet.
1760 1996 1828 2057 Adi.
1851 1997 1959 2079 ἔρημος

335 2090 448 2165 πηκτός
469 2088 606 2181 άχροικος
629 2092 746 2177 βέβαιος
768 2095 865 2183 μωρός
886 2094 1002 2171 λόκειος
1022 2096 1170 2171 λεόντειος
1189 2098 1252 2179 {sed
1274 2095 1414 2183 νεβρείην)
1433 2086 1579 2185 ζωάχριος
1600 2100 1668 2160 fem.
1685 2105 1716 2160 et
1728 2117 1819 2161 maso.
1835 2099 1960 2159 eandem

336 2198 459 2257 formam
477 2200 596 2259 habent.
619 2194 765 2283 τάχιστον
787 2204 837 2276 28,
854 2204 882 2263 5.
912 2196 1029 2263 θάσσων
1051 2198 1160 2263 θᾶσσον
1182 2198 1288 2286 τάχιον
1309 2205 1360 2274 45,
1376 2206 1406 2262 4.
1431 2204 1499 2276 129,
1517 2205 1544 2261 7.
1573 2187 1694 2285 βράόιον
1717 2205 1785 2276 129,
1803 2204 1830 2263 7.
1854 2196 1960 2287 βραχύ-

336 2318 428 2369 τατος
448 2294 564 2384 φέριστε
587 2297 726 2385 φιλτάτη.
753 2298 890 2389 ἐσωτέρω
905 2306 924 2365 1.
942 2324 969 2384 q.
986 2308 1044 2367 έοω
1062 2310 1090 2381 2,
1107 2310 1134 2367 7.
1159 2297 1325 2384 ἐβουλήθην
1345 2290 1492 2371 ηόόναντο
1514 2303 1642 2384 ἔμελλον
1662 2290 1807 2364 ἐκάθευδε
1826 2297 1960 2370 καθῆστο

338 2388 449 2478 ἀνέῳξε
465 2390 568 2473 ἐξώθει
584 2408 634 2478 91,
651 2410 679 2465 4.
703 2402 824 2489 ηόρισκε
839 2404 961 2489 ηυριόκει
977 2398 1054 2493 εὗρες
1076 2404 1189 2493 εὑρέθη.
1213 2409 1303 2469 verba
1323 2392 1399 2483 quae
1414 2408 1452 2467 ab
1469 2405 1501 2465 εὐ
1516 2407 1663 2485 incipiunt
1676 2407 1787 2470 habent
1801 2425 1897 2483 augm.
1913 2405 1959 2471 ηὐ.

337 2500 420 2571 ἥλων
434 2499 531 2565 ἑάλων
546 2503 657 2573 ιἰλώκει
672 2502 776 2576 η’λώθη
793 2504 960 2593 έλαφρόνθη
979 2516 1048 2585 111,
1067 2515 1093 2572 6.
1117 2510 1213 2573 Stura.
1229 2511 1258 2571 d.
1276 2511 1313 2570 hl.
1333 2512 1402 2571 124.
1440 2510 1529 2570 Aliud
1545 2509 1668 2570 verbum
1682 2527 1779 2585 augm.
1795 2526 1855 2567 non
1869 2512 1958 2567 earet.

338 2608 364 2667 A
380 2626 408 2666 v.
425 2603 523 2690 ἐνείρω
540 2610 693 2673 derivasse
708 2613 825 2673 videtur
841 2610 944 2697 ἐνῇραν
961 2616 1010 2687 38,
1028 2617 1045 2674 2
1062 2614 1120 2675 nisi
1135 2632 1193 2675 sor.
1209 2610 1321 2696 irripere
1329 2610 1382 2689 **).
1405 2597 1519 2682 asartha
1535 2616 1563 2692 3,
1581 2614 1609 2675 5.
1631 2611 1664 2672 L.
1685 2629 1741 2672 sor.
1761 2628 1814 2687 pro
1830 2594 1978 2677 κατέαξε.

339 2715 368 2769 et
389 2710 432 2769 sio
451 2711 543 2771 habet
564 2713 627 2789 lgn.
649 2716 726 2793 Mag.
747 2734 796 2793 ap.
819 2716 922 2777 Miller.
945 2736 975 2795 p.
993 2719 1041 2777 20.
1063 2736 1107 2777 nr.
1125 2719 1153 2777 9.
1177 2716 1210 2775 F.
1230 2717 1299 2776 102.
1319 2718 1387 2776 109.
1411 2714 1501 2775 Goth.
1524 2720 1594 2794 post
1609 2716 1658 2775 38.
1681 2712 1772 2775 Heus.
1788 2732 1818 2791 p.
1835 2714 1874 2772 23
1891 2710 1958 2772 Soh.

340 2818 395 2873 cet.
423 2819 455 2872 ut
479 2814 537 2873 iam
559 2815 644 2875 Hom.
668 2818 744 2897 Plpl.
766 2819 854 2880 Babr.
881 2839 978 2897 augm.
1005 2820 1093 2880 modo
1119 2819 1237 2879 addidit
1261 2818 1350 2883 modo
1374 2818 1491 2879 demsit.
1519 2811 1695 2898 έπωλεόμην
1718 2819 1792 2888 130,
1816 2820 1864 2875 11.
1892 2818 1960 2887 131,

340 2916 389 2975 24.
413 2910 633 2999 καρττόρεσθα
656 2923 711 2993 36,
735 2926 769 2981 11
789 2922 824 2983 ei.
849 2916 1045 3005 καταχρέοιτο
1061 2926 1118 2996 34,
1144 2926 1192 2981 14.
1229 2921 1286 2981 Ριο
1309 2909 1398 2998 ζῴοιο
1417 2924 1486 2994 103,
1510 2924 1557 2980 17.
1580 2918 1698 2979 Lachm.
1721 2918 1852 2979 restituit
1873 2912 1960 2976 σώοιο

340 3003 457 3077 έόωκαν
475 3023 529 3094 61,
547 3024 573 3080 6.
597 3025 652 3096 74,
669 3026 697 3084 8.
721 3016 798 3092 ἧκαν
814 3029 868 3098 38,
886 3029 914 3088 2.
939 3028 1063 3101 57,10.
1090 3025 1188 3084 ἑάλων
1203 3029 1231 3086 3.
1254 3024 1295 3103 pl.
1316 3024 1416 3085 Herm.
1437 3024 1524 3084 Mein.
1546 3022 1655 3099 Haupt.
1679 3021 1792 3100 Saupp.
1815 3020 1849 3082 0.
1873 3021 1962 3081 Sohn.

340 3121 449 3182 Bebrio
469 3125 663 3186 restituerunt
684 3130 733 3200 31,
751 3131 799 3189 20.
824 3129 895 3190 Lob.
919 3135 949 3190 et
963 3129 1071 3189 Buttm.
1090 3131 1106 3190 3
1124 3147 1153 3206 p.
1175 3132 1220 3188 11.
1240 3131 1287 3189 14.
1310 3127 1349 3188 ΙΙ.
1366 3129 1437 3188 510.
1460 3125 1573 3187 Bdokh.
1594 3124 1679 3184 Pind.
1696 3124 1782 3202 Pyth.
1799 3128 1829 3199 4,
1848 3125 1916 3183 120.
1933 3141 1963 3182 ιι.

341 3225 377 3284 oi.
393 3245 423 3304 p.
440 3229 512 3288 466.
529 3220 633 3286 άνεθεν
649 3221 715 3308 (ser.
732 3223 846 3311 ἀνέθεν)
863 3220 986 3292 ἔσταθεν
1002 3231 1113 3292 Simon.
1129 3231 1220 3292 Dobr.
1236 3231 1303 3293 adv.
1321 3233 1351 3305 2,
1367 3233 1396 3290 7.
1418 3229 1446 3290 J.
1463 3229 1482 3289 l.
1500 3229 1550 3300 21,
1569 3228 1639 3288 608.
1657 3226 1758 3287 έτλαν.
1781 3227 1919 3289 Ceterum
1933 3226 1964 3285 in

341 3327 430 3406 epim.
452 3347 509 3390 sor.
533 3325 674 3397 ηότέλεια
697 3351 762 3394 cum
783 3333 876 3396 Fixio.
901 3337 952 3408 45,
975 3337 992 3395 9
1014 3335 1137 3396 formam
1159 3353 1175 3395 e
1196 3314 1349 3397 τεθνεῶόα
1369 3331 1609 3411 pronuntiatione
1631 3335 1813 3391 contractam
1832 3329 1866 3390 B.
1881 3329 1965 3388 linxit

342 3429 448 3490 falsam
464 3433 631 3509 analogiam
646 3453 674 3496 ν.
692 3433 811 3496 ἑστῶσα
826 3443 955 3517 seoutus.
993 3437 1049 3518 Vix
1069 3437 1148 3497 enim
1169 3437 1325 3514 quisquam
1348 3437 1444 3496 bonus
1466 3434 1595 3511 scriptor
1617 3433 1723 3495 dixerit
1743 3433 1791 3492 vel
1805 3424 1963 3490 τεθνεῶσα

342 3531 564 3608 Buttm.2,23.
584 3538 652 3596 199.
675 3517 785 3599 Herod.
801 3539 907 3600 Philet.
929 3536 1046 3618 ρ.’449.
1070 3539 1164 3600 Piers.
1181 3558 1211 3618 p.
1228 3541 1299 3600 330.
1322 3537 1471 3616 Hauptius
1492 3537 1564 3596 mihi
1586 3537 1728 3598 indicavit
1746 3534 1845 3594 Herm.
1868 3549 1916 3610 op.
1934 3534 1963 3603 4,
1987 3595 1993 3604 ¹

283 3697 285 3700 .
344 3638 415 3696 313.
438 3636 500 3694 ἐσσι
516 3640 565 3712 77,
583 3641 610 3696 7.
630 3641 698 3714 119,
716 3641 732 3698 7
751 3641 802 3700 oi:
826 3643 877 3702 ubi
899 3661 965 3704 eum
984 3642 1115 3722 Hauptio
1136 3641 1290 3702 maluerim
1306 3631 1333 3699 εἶ
1345 3634 1389 3701 σύ.
1408 3642 1478 3712 128,
1495 3641 1523 3699 2.
1543 3641 1613 3713 117,
1631 3642 1679 3698 11.
1697 3641 1746 3712 87,
1762 3638 1791 3697 5.
1807 3631 1864 3694 έών
1880 3636 1929 3709 36,
1945 3635 1962 3692 7

344 3737 400 3814 oh,
418 3739 500 3799 ouius
524 3741 583 3802 lah.
600 3762 627 3802 v.
645 3744 672 3802 3.
696 3742 827 3804 hahetA
849 3731 960 3820 έόυικε,
981 3745 1013 3808 L.
1030 3745 1066 3806 ei.
1089 3744 1191 3819 ἐνῆκε,
1213 3743 1266 3805 sed
1287 3744 1377 3820 longe
1398 3748 1532 3823 praestat
1545 3741 1670 3802 Seidleri
1687 3737 1793 3813 ένῶσε;
1814 3757 1842 3798 v.
1860 3739 1888 3797 6.
1904 3728 1964 3819 εἶχε

344 3841 444 3902 nescio
460 3861 497 3902 an
514 3861 569 3904 eor.
587 3847 626 3906 sit
641 3839 716 3927 εἷλε,
732 3868 800 3911 nam
815 3849 969 3914 admiratio
985 3865 1123 3928 quercum
1140 3865 1200 3906 non
1215 3847 1336 3908 tenebat
1350 3846 1404 3912 sed
1420 3845 1508 3924 oepit.
1526 3847 1576 3918 52,
1593 3847 1621 3904 3.
1637 3837 1690 3901 ἕλε
1708 3835 1821 3924 θάμβος
1834 3840 1893 3917 Αφ.
1909 3839 1963 3899 Rh.

343 3941 378 4015 B,
396 3946 465 4036 681.
490 3939 597 4030 όρινυρα
618 3945 715 4032 ὤμνυε
738 3941 866 4022 ἐθείκνυς
882 3938 1023 4010 ὀεικνόων
1038 3942 1135 4010 ἐτίθει.
1159 3941 1288 4014 ἐστάθην
1304 3951 1354 4020 25,
1371 3951 1399 4008 8.
1417 3951 1467 4020 57,
1484 3951 1512 4008 8.
1529 3951 1579 4021 87,
1596 3950 1623 4007 3.
1640 3945 1677 4005 ci.
1697 3947 1765 4015 103,
1784 3945 1830 4002 12.
1850 3944 1920 4010 105,
1936 3945 1963 4002 3.
2032 4009 2035 4015 ,

344 4045 402 4104 iam
426 4048 506 4124 apud
528 4056 642 4111 veteres
666 4054 755 4114 etiam
775 4055 887 4118 Arohil.
905 4057 943 4116 68
960 4051 1043 4132 (31),
1061 4057 1077 4114 3
1100 4051 1241 4126 occurrit,
1263 4050 1388 4128 Polybio
1409 4055 1508 4110 autem
1531 4049 1633 4124 eisque
1653 4047 1702 4124 qni
1723 4049 1886 4122 sequuntur
1905 4044 1965 4104 usi-

345 4149 523 4212 tatissimum
538 4157 592 4212 est.
614 4149 687 4226 στάς
708 4151 800 4226 ἑστώς
820 4155 946 4216 ἑστῶσα.
970 4151 1113 4224 εἱστήκειν
1133 4156 1177 4217 ita
1190 4158 1316 4232 usurpat
1336 4160 1369 4212 ut
1383 4152 1430 4212 vix
1446 4152 1563 4212 differat
1577 4169 1595 4212 a
1609 4169 1638 4210 ν.
1654 4166 1722 4211 esse
1740 4149 1809 4221 122,
1827 4152 1853 4208 1.
1872 4152 1900 4222 1,
1918 4149 1965 4207 12.

347 4253 462 4326 31,21.
486 4256 535 4328 36,
552 4259 580 4316 4.
603 4260 653 4330 48,
673 4263 698 4317 1.
723 4261 773 4334 50,
792 4262 839 4322 18.
863 4262 912 4334 68,
929 4261 957 4320 8.
980 4261 1030 4332 72,
1048 4261 1075 4319 6.
1099 4260 1150 4333 74,
1167 4259 1194 4318 7.
1216 4260 1267 4331 76,
1285 4261 1311 4316 1.
1335 4258 1385 4328 85,
1403 4260 1429 4315 1.
1452 4256 1502 4328 95,
1519 4255 1568 4315 58.
1591 4254 1640 4312 92.
1662 4252 1698 4312 ol.
1722 4255 1824 4325 33,3.
1846 4253 1964 4324 112,3.

349 4354 418 4425 12⁷.
436 4357 463 4415 2·
487 4352 601 4441 εἰλήφει
619 4362 688 4438 ιοσ,
706 4363 722 4422 e
741 4356 897 4441 ,habebat
920 4355 1088 4444 σκέπτομαι
1107 4364 1175 4433 103,
1200 4363 1237 4419 ιι
1261 4353 1356 4438 (Arar.
1377 4350 1539 4435 undecies).
1561 4351 1689 4438 ἵσταμαι
1705 4357 1755 4428 ee,
1771 4357 1800 4415 4.
1822 4357 1900 4412 αισι
1917 4353 1966 4426 ιο,

345 4505 650 4522 -ῄ-...Μ

448 4576 466 4633 *l
479 4579 510 4626 M.
524 4580 635 4631 Schmidt.
652 4585 677 4630 in
688 4584 747 4632 Mus.
760 4583 832 4630 Rheu.
850 4585 890 4640 20,
904 4584 952 4630 503
968 4597 1040 4642 nuper
1059 4583 1087 4628 de
1104 4581 1151 4628 det.
1168 4574 1218 4634 νυξί
1233 4581 1278 4628 ε151
1293 4581 1368 4628 disere
1385 4580 1448 4626 νίειιε
1460 4581 1496 4625 est
1507 4577 1606 4637 aliquid,
1624 4577 1675 4624 aliis
1686 4576 1758 4623 nihil:
1777 4575 1860 4622 etenim
1872 4575 1968 4633 litigari

348 4656 474 4702 cautissimi
485 4659 553 4717 atque
566 4660 733 4718 diligentissimi
744 4661 842 4708 hominis
855 4661 974 4708 eonsilium
986 4661 1025 4706 ille
1037 4674 1064 4706 ne
1077 4661 1194 4720 perspexit
1206 4659 1305 4719 quidem.
1329 4657 1408 4716 Neque
1419 4657 1514 4703 Libanio
1527 4656 1586 4703 teste
1598 4668 1701 4713 egemus:
1714 4654 1796 4712 legitur
1807 4653 1868 4698 enirn
1878 4654 1968 4712 praeter

347 4733 406 4790 App.
419 4733 486 4778 Dion.
500 4734 525 4780 G.
538 4736 582 4781 iam
594 4751 630 4797 ap.
643 4738 705 4784 Aret.
719 4739 775 4784 513.
790 4739 862 4785 1152.

449 4805 478 4868 *“)
491 4809 507 4858 l.
521 4813 570 4858 174
582 4813 609 4858 F.
623 4811 685 4860 123b
702 4815 730 4860 H.
743 4818 833 4861 constat
850 4815 994 4862 soarontibus
1010 4814 1075 4874 polit.
1095 4811 1149 4874 (quo
1161 4814 1251 4860 nomine
1268 4812 1385 4858 brevitatis
1401 4824 1482 4858 caussa
1498 4813 1550 4857 utor
1565 4823 1612 4856 non
1628 4809 1719 4856 nescius
1736 4822 1758 4854 v.
1776 4821 1799 4852 v.
1815 4805 1862 4852 illis
1878 4808 1967 4852 tetram.

348 4887 437 4930 tantmn
452 4889 542 4948 proprio
559 4889 702 4949 significem:
726 4894 822 4938 metrum
839 4892 940 4938 ostendit
956 4883 978 4936 οἱ
995 4884 1103 4942 τέκτονες
1119 4891 1201 4939 iniuria
1213 4905 1227 4936 a
1237 4891 1290 4936 Fur.
1303 4893 1327 4934 et
1337 4889 1365 4936 Η.
1378 4889 1456 4934 deleri.
1474 4903 1496 4934 v.
1508 4889 1584 4934 Boiss.
1595 4887 1645 4934 Nic.
1658 4887 1715 4943 liug-
1727 4887 1751 4940 2,
1764 4885 1806 4930 99·
1818 4886 1842 4939 8,
1855 4885 1895 4930 39
1910 4883 1966 4929 155·

348 4961 424 5007 Miller
439 4977 472 5008 nr.
491 4967 513 5010 3.
530 4965 575 5011 49ι
607 4959 704 5028 πρίοτοιι
726 4953 816 5026 δήποτε
837 4961 980 5032 κατέσχιζον
1001 4959 1043 5028 τὴν
1065 4961 1175 5030 πεόκηνβ
1194 4963 1285 5029 σφῆνας
1306 4957 1331 5019 ἕξ
1351 4957 1424 5024 adivit
1446 4956 1468 5008 01
1488 4957 1596 5017 τέκτονες
1617 4959 1740 5014 πθῑθῧνῑές
1755 4957 1759 5019 Ι
1775 4952 1798 5004 04
1818 4953 1859 5004 καὶ
1879 4952 1969 5022 ῥᾳδίως

350 5030 492 5100 κατέσχιζον
506 5034 613 5096 σανίδας,
630 5037 635 5104 Ι
651 5035 680 5088 ‘ll
694 5037 720 5088 δὲ
732 5037 822 5108 ἐθρήνει
833 5035 987 5100 ὀλολύζουσα
1000 5037 1090 5098 οθτως·
1107 5039 1110 5105 Ι
1127 5037 1155 5088 οὗ
1167 5041 1285 5088 τοσοῦτον
1298 5040 1338 5087 νῦν
1356 5035 1483 5105 μέριφοριαι
1499 5034 1542 5100 τὴν
1555 5032 1634 5098 ἀξίνην
1649 5033 1654 5102 Ι
1669 5031 1711 5098 τὴν
1724 5027 1862 5082 κόπτουσάν
1875 5048 1905 5098 με
1916 5032 1968 5088 ταῖς

349 5105 432 5177 χερσὶν
445 5110 493 5159 τῶν
506 5105 640 5180 ἀνθρώπων
656 5116 660 5179 Ι
676 5113 709 5176 ὡς
721 5117 776 5176 τοὺς
789 5115 814 5177 ἐξ
826 5115 885 5186 ἐμοῦ
898 5118 990 5185 σφῆνας
1003 5114 1183 5185 γεγενημένους.
1213 5121 1305 5167 Praeter
1317 5114 1408 5179 δήποτε
1419 5133 1460 5180 pro
1473 5111 1501 5163 δέ
1511 5128 1570 5162 ποτε
1581 5131 1611 5164 no
1626 5115 1710 5163 hueolu
1726 5116 1818 5177 quidem
1829 5117 1915 5162 mutate
1926 5116 1968 5163 est

349 5191 420 5239 Notos
432 5195 507 5242 autem
519 5199 606 5246 aeeeut.
618 5199 642 5246 in
653 5201 778 5262 penultima
788 5201 843 5262 poni
854 5201 879 5247 ld
890 5199 951 5262 quod
962 5200 1083 5249 nemodum
1095 5198 1229 5246 observavit.
1579 5187 1580 5190 Ἴ
