4575 6025
1176 435 1223 503 25

383 642 485 705 Babrii
505 643 531 702 si
552 641 598 703 dis
621 640 722 719 placet
742 658 793 699 vv.
808 657 828 698 a
842 639 970 700 Maeblio
993 639 1122 716 quodam
1145 641 1317 718 exsculptos
1338 638 1522 699 adscribam:
1545 638 1596 715 qui
1617 638 1751 699 asinar
1768 658 1793 699 ν.
1810 639 1827 697 l
1844 643 1874 697 et
1890 641 1907 697 3
1923 623 2015 699 hosce

383 750 470 825 putat
483 744 671 805 intercidisse
686 746 731 819 τῷ
746 728 773 799 δ’
788 730 861 800 αὖτε
878 728 1022 823 δελφίνων
1036 733 1161 811 rustes
1176 737 1329 825 φωνήσας·
1352 742 1424 825 ἡμῖν
1445 725 1478 799 δὲ
1498 738 1606 817 πολλῷ
1620 735 1755 824 κρεῖττόν
1769 740 1849 800 ἐστιν
1863 735 2015 811 ἀλλήλους

293 905 295 911 ,
384 834 555 931 διαφθαριῒν
576 841 641 925 (sic)
662 838 681 911 ἢ
704 849 756 903 σοῦ
778 850 878 927 τυχεῖν
901 828 1087 901 laetaturos
1109 838 1206 921 (sictlz
1232 849 1266 903 ut
1292 844 1371 903 enim
1392 843 1569 921 turpissima
1589 843 1660 903 vitia
1680 843 1829 918 omittam,
1859 849 1890 903 et
1908 842 2014 919 πολλῷ
2104 866 2106 868 ·

382 951 517 1029 ineptum
538 954 585 1009 est
607 954 638 1007 et
662 947 816 1025 passivum
840 930 1038 1029 διαφθαρῆναι
1059 946 1230 1006 necessario
1250 946 1419 1023 requiritur.
1456 944 1571 1005 Similia
1590 946 1684 1005 multa
1697 948 1792 1023 magis
1808 947 1895 1005 etiam
1910 946 2015 1008 iocosa
2105 951 2107 953 ’

384 1052 463 1130 apud
486 1052 587 1131 ipsum
607 1050 693 1126 legas
716 1049 884 1109 Machlium.
922 1048 990 1108 Non
1011 1048 1109 1124 magis
1130 1052 1229 1107 autem
1250 1048 1417 1108 Babrianos
1439 1064 1508 1108 esse
1530 1064 1637 1109 censeo
1658 1066 1707 1107 vv.
1729 1049 1875 1125 quosdam
1896 1049 1917 1107 i.
1942 1051 2012 1123 123,
2106 1038 2108 1041 ⁴

381 1172 458 1231 quae
472 1154 504 1213 in
521 1152 586 1213 cod.
602 1153 629 1211 A
653 1156 700 1212 est
719 1152 833 1210 ultima.
871 1150 905 1210 V.
923 1154 952 1210 4.
970 1142 1077 1233 ἀθρόον
1100 1144 1221 1233 μέλλων
1242 1140 1364 1230 λήψεινι
1388 1151 1536 1210 sententia
1550 1154 1598 1210 est
1611 1150 1704 1222 bona,
1727 1142 1834 1233 ἀθρόον
1847 1138 1940 1210 habet
1953 1168 2012 1227 quc

380 1256 528 1317 referatur
535 1273 564 1313 ν.
575 1246 730 1336 θησαυρόν,
740 1248 860 1336 μέλλων
868 1270 923 1330 per
931 1268 963 1311 se
971 1257 1052 1311 recte
1064 1252 1175 1312 dictum
1186 1258 1234 1311 est
1241 1252 1294 1315 sed
1303 1252 1467 1329 corrumpit
1473 1256 1599 1311 metrum
1609 1247 1665 1331 (sic
1674 1253 1770 1312 Minas
1777 1252 1809 1311 in
1820 1254 2012 1331 apographo:

379 1358 411 1417 in
427 1356 493 1416 cod.
510 1362 557 1417 est
572 1348 681 1429 θέλων;
698 1354 786 1415 etiam
800 1353 942 1413 πλεῖστον
957 1354 988 1413 in
1003 1372 1107 1432 apogr.
1124 1354 1208 1413 dedit
1221 1372 1276 1431 pro
1290 1351 1431 1430 πολλόν),
1451 1354 1567 1413 accedit
1579 1354 1676 1414 forma
1688 1354 1823 1415 inaudita
1835 1346 1939 1436 λήψειν
1954 1373 2013 1433 qua

382 1460 432 1519 vix
448 1462 596 1518 extremae
612 1458 719 1517 aetatis
735 1457 856 1543 barbari
870 1458 918 1516 usi
934 1461 1004 1517 sunt
1019 1452 1058 1536 (ν.
1075 1456 1165 1535 epim.
1183 1459 1234 1527 94,
1251 1454 1292 1532 9).
1315 1456 1435 1516 Lachm.
1451 1456 1542 1533 igitur
1562 1457 1684 1534 scripsit
1703 1457 1876 1518 acutissime
1897 1452 2012 1543 ἀθρόων

384 1554 482 1643 μένων
504 1550 594 1639 λῆψιν
618 1561 671 1621 sed
698 1565 854 1636 utrumque
876 1565 907 1619 et
928 1553 1043 1641 ἀθρόων
1067 1564 1097 1619 et
1122 1553 1220 1639 μένων
1242 1550 1331 1639 λῆψιν
1351 1558 1425 1618 mire
1451 1558 1563 1617 dictum
1589 1562 1644 1618 est.
1681 1558 1796 1619 Seidler
1821 1552 1931 1643 ἀθρόαν
1953 1578 2011 1621 scr.

385 1663 529 1723 voluerat.
567 1656 679 1721 Μένειν
698 1656 767 1721 τινά
787 1663 864 1721 enim
886 1662 913 1721 is
937 1661 1044 1721 dicitur
1064 1662 1114 1739 qui
1135 1666 1269 1721 remanet
1288 1662 1383 1721 donec
1398 1661 1506 1739 aliquis
1520 1661 1677 1734 adveniat3
1700 1662 1928 1739 quidsenserit,
1952 1683 2011 1725 non

380 1766 541 1825 indicatur:
569 1766 759 1843 quodquam
786 1782 892 1841 parum
914 1770 1014 1841 aptum
1039 1764 1078 1823 sit
1096 1764 1127 1824 h.
1148 1764 1168 1824 l.
1188 1764 1240 1824 ubi
1267 1764 1444 1840 significatio
1469 1764 1663 1842 expectandi,
1689 1766 1846 1843 sperandi,
1872 1766 2012 1844 cupiendi

378 1870 549 1931 necessario
563 1870 723 1947 requiritur
738 1874 831 1945 patet.
859 1866 964 1945 Itaque
980 1885 1046 1928 cum
1062 1864 1158 1950 μένων
1172 1884 1232 1926 non
1247 1866 1358 1927 indicet
1373 1884 1432 1944 qua
1445 1867 1585 1945 cupidine
1596 1872 1695 1927 motus
1707 1868 1849 1944 gallinam
1860 1871 2012 1930 necaverit

378 1972 527 2032 sententia
548 1972 624 2031 haec
645 1964 794 2052 θησαυρὸν
813 1968 954 2028 πλεῖστον
974 1969 1053 2047 ᾤετο
1075 1964 1207 2051 εὑρήσειν
1226 1969 1327 2046 inepte
1346 1970 1475 2047 repetita
1494 1970 1549 2031 e'st.
1587 1970 1717 2031 Offendit
1731 1975 1886 2047 praeterea
1899 1990 1928 2031 v.
1945 1975 1962 2031 3
1980 1968 2011 2030 ἐν

377 2058 469 2143 aloda
490 2074 570 2150 quod
595 2073 705 2149 excipit
726 2071 822 2131 denuo
837 2076 857 2131 4
871 2066 1001 2146 ταύτην;
1020 2066 1134 2129 πολλόν
1157 2090 1213 2148 ριο
1233 2066 1312 2129 πολύ
1330 2073 1347 2131 6
1362 2072 1411 2131 vel
1425 2067 1521 2130 πολύν
1537 2065 1554 2133 3
1570 2072 1604 2132 Β.
1621 2072 1695 2132 dixit
1709 2087 1870 2150 nunquam.
1906 2074 2010 2151 Neque

379 2174 677 2253 praetermittendum
694 2178 740 2233 est
755 2168 903 2255 ἐγκάτοις.
925 2173 1061 2250 Denique
1075 2177 1232 2233 teneamus
1247 2175 1303 2233 ab
1320 2166 1467 2257 θησαυρὸν
1481 2167 1550 2252 ᾤεθ’
1565 2174 1582 2232 ὁ
1596 2160 1744 2244 δεσπότις
1759 2170 1922 2258 ὲνευρῆσειν
1935 2176 2010 2236 vitio
2120 2190 2123 2252 ζ

379 2276 517 2337 laborare
539 2276 625 2336 metri
648 2276 728 2353 quod
750 2276 874 2354 peritior
895 2280 1011 2337 tantum
1033 2276 1196 2353 perspiciat
1220 2293 1317 2353 neque
1336 2276 1394 2336 nisi
1415 2276 1561 2338 violenter
1581 2282 1696 2337 mutato
1721 2278 1880 2339 verborum
1906 2278 2010 2341 ordine

380 2379 498 2439 restitui
524 2396 625 2455 posse.
669 2378 748 2455 llrgo
777 2382 858 2438 caret
882 2378 903 2437 f.
931 2378 1061 2454 vulgatis
1086 2378 1275 2437 librariorum
1300 2378 1398 2452 vitiis3
1428 2396 1504 2455 quae
1529 2380 1647 2453 insunt,
1674 2380 1807 2439 referunt
1831 2380 2010 2440 sententiam

377 2480 552 2557 plerumque
569 2481 690 2555 bonam3
706 2481 759 2541 sed
774 2480 924 2541 violantur
938 2486 1064 2559 propter
1078 2498 1143 2541 cam
1159 2481 1242 2557 leges
1258 2482 1404 2541 sermonis
1417 2479 1533 2556 Graeci,
1548 2483 1631 2559 leges
1645 2484 1741 2543 metri.
1765 2480 1878 2557 Quibus
1894 2482 2010 2543 accedit

379 2583 459 2661 quod
482 2586 547 2643 tota
561 2584 581 2643 l.
603 2588 727 2662 excepto
743 2602 771 2652 y,
790 2586 805 2643 1
822 2588 899 2643 teste
914 2582 1068 2643 Dindoriio
1090 2582 1120 2642 in
1142 2583 1207 2643 cod.
1224 2584 1251 2643 Α
1272 2602 1330 2643 non
1351 2584 1460 2660 legitur
1479 2604 1570 2644 manu
1590 2590 1710 2644 vetusta
1729 2585 1784 2645 sed
1802 2585 2010 2645 recentissima

384 2690 514 2744 exarata.
551 2684 699 2745 Tenemus
721 2702 807 2761 argo,
826 2687 858 2743 ni
871 2684 974 2759 fallor,
995 2686 1154 2746 Minoidem
1169 2686 1279 2746 blinam
1295 2685 1441 2748 Graecum
1461 2687 1681 2748 fraudulentum
1700 2688 1749 2764 qui
1764 2706 1781 2747 e
1795 2688 1816 2746 i.
1831 2688 1860 2747 Η
1876 2691 1935 2749 343
1952 2704 2008 2765 pre

379 2787 443 2848 suis
460 2786 574 2846 viribus
590 2788 703 2847 eitinxit
714 2786 893 2847 Babrianam
907 2784 1060 2865 specimen
1075 2789 1200 2848 daturus
1213 2789 1295 2849 illins
1310 2790 1383 2849 artis
1398 2805 1457 2865 qua
1471 2795 1578 2867 postea
1591 2794 1686 2850 totam
1700 2790 1825 2849 alteram
1840 2790 2007 2849 fabularum

378 2894 511 2968 partem,
529 2908 615 2951 suum
630 2892 757 2962 loetum,
779 2889 888 2949 Babrio
904 2892 1072 2969 supposuit.
1109 2892 1212 2951 Voluit
1231 2873 1424 2953 iste'tentare
1442 2910 1514 2952 num
1533 2892 1704 2952 hominibus
1720 2892 1816 2952 doctis
1831 2892 1923 2952 verba
1937 2892 2008 2951 dare

378 2998 492 3071 posset.
531 2990 616 3068 Quod
636 2992 694 3052 hac
713 2992 745 3051 in
759 2992 779 3054 i.
796 2992 823 3052 ei
839 2992 1022 3054 successisse
1038 2998 1144 3054 utnon
1160 2995 1266 3054 mirum
1281 3000 1329 3055 eat
1341 3027 1383 3038 —
1398 3013 1494 3056 novus
1509 2995 1589 3055 enim
1603 3000 1668 3056 erat
1682 2995 1812 3074 scriptor
1825 3013 1922 3073 neque
1936 2985 2010 3072 qnid

313 3089 316 3096 ’
378 3095 406 3155 ei
421 3095 609 3156 tribuendum
631 3095 685 3166 sit,
709 3095 779 3172 quid
799 3113 873 3168 non,
895 3102 956 3155 tam
977 3095 1062 3157 brevi
1082 3099 1228 3175 temporis
1250 3099 1347 3175 spatio
1367 3098 1475 3175 dispici
1497 3100 1649 3176 potuit-
1663 3100 1708 3158 ita
1727 3103 1772 3158 tot
1783 3103 1906 3176 tamque
1920 3115 2007 3176 prac-

379 3197 468 3256 claris
483 3197 556 3262 viris
577 3217 644 3258 eum
666 3197 802 3258 fraudem
822 3199 930 3259 iecisse
952 3199 1126 3260 collectione
1141 3199 1308 3261 tabularum
1322 3201 1417 3260 altera
1431 3218 1520 3278 quam
1534 3200 1672 3262 Levisius
1687 3201 1795 3274 edidit,
1816 3201 1891 3261 satis
1906 3201 2008 3260 mirari

380 3315 507 3375 nequeo.
552 3299 709 3378 Perspexit
733 3300 867 3360 lraudem
891 3306 925 3360 ut
950 3319 1006 3379 par
1031 3306 1095 3361 erat
1115 3301 1289 3377 Dribnerns,
1315 3304 1470 3380 perspexit
1495 3303 1640 3377 (lobetus,
1666 3305 1819 3382 perspexit
1842 3303 2006 3381 Hauptius:

378 3401 521 3462 defensor
535 3402 682 3461 extitit-
696 3385 765 3462 nam
780 3419 899 3463 servum
913 3419 1005 3480 pecus
1021 3421 1081 3464 non
1095 3421 1166 3464 curo
1178 3437 1219 3447 —
1237 3406 1285 3464 vix
1299 3412 1346 3465 est
1360 3406 1512 3482 credibile,
1528 3406 1574 3466 vir
1589 3407 1802 3483 sagacissimus
1817 3405 2007 3465 Hermannus

376 3503 539 3582 Sauppius.
580 3503 674 3580 Quem
695 3506 938 3567 non'moverunt
960 3510 1005 3566 tot
1023 3505 1155 3584 ineptiae
1177 3509 1406 3584 sententiarum,
1431 3527 1492 3570 non
1516 3508 1654 3568 immanis
1680 3508 1835 3571 barbaries
1860 3509 2007 3572 sermonis

375 3625 449 3684 prae
470 3623 530 3683 qua
550 3625 628 3668 saec.
650 3605 710 3667 Vll
729 3625 828 3668 sermo
854 3613 902 3669 est
920 3609 1114 3686 purissimus,
1140 3627 1201 3670 non
1222 3609 1396 3672 Callimachi
1414 3629 1463 3671 νν.
1484 3629 1501 3672 e
1524 3611 1749 3672 collectionibus
1773 3613 2006 3688 fragmentorum

375 3707 477 3768 Babrii
499 3709 530 3768 in
550 3710 734 3787 prooemium
757 3709 847 3770 stulte
867 3710 968 3770 lictum
987 3711 1109 3790 intrusi,
1130 3713 1259 3792 denique
1278 3733 1338 3774 non
1360 3715 1448 3774 metri
1472 3713 1593 3774 sordes:
1616 3714 1688 3792 quid
1709 3715 1789 3792 quod
1810 3732 1846 3774 ex
1865 3719 1958 3774 metro
1979 3714 2007 3774 si

376 3811 476 3886 placet
486 3809 600 3871 Dionae
612 3810 763 3888 Sauppius
779 3811 1003 3874 demonstrabat
1014 3833 1080 3874 eum
1097 3817 1217 3894 quibas
1232 3816 1349 3878 fabulas
1365 3818 1487 3895 scripsit
1497 3817 1559 3878 fere
1571 3834 1650 3877 saec.
1659 3817 1716 3878 VII
1725 3835 1755 3895 p.
1765 3816 1834 3878 (ihr.
1843 3836 1872 3877 n.
1885 3817 2005 3878 vixisse.
2056 3810 2058 3815 ’

378 3910 454 3970 lisso
469 3913 546 3972 enim
562 3931 656 3989 genus
672 3913 746 3973 illud
769 3915 936 3975 iamborum
950 3916 980 3975 in
995 3935 1053 3994 quo
1069 3937 1089 3976 α
1105 3939 1114 3975 ι
1129 3939 1147 3976 υ
1162 3927 1193 3979 et
1208 3920 1407 3996 corripiantur
1420 3926 1452 3980 ct
1465 3920 1677 3998 producantur.
1714 3918 1896 3995 Quibuscum
1911 3921 2005 3981 versi-

377 4011 481 4098 ficator
501 4015 558 4075 iste
585 4017 634 4074 vix
658 4017 822 4093 comparari
848 4023 957 4094 potest.
993 4020 1070 4080 Nam
1090 4038 1151 4080 non
1170 4021 1228 4081 nisi
1249 4023 1364 4098 priores
1386 4022 1505 4082 illorum
1527 4023 1811 4101 iambographorum
1832 4041 1927 4100 neque
1946 4023 2006 4084 nisi

375 4115 529 4190 rarissime
555 4118 683 4193 pedibus
711 4119 876 4195 trisyllabis
902 4121 949 4180 usi
976 4127 1061 4194 sunt,
1087 4121 1236 4183 fabulator
1261 4125 1451 4201 saepissime3
1480 4125 1558 4184 inter
1583 4127 1697 4204 primos
1721 4131 1821 4185 autern
1848 4125 2005 4203 quominus

374 4217 539 4276 referamus
555 4218 708 4279 barbaries
724 4222 872 4281 sermonis
888 4223 1036 4300 prohibet.
1066 4223 1180 4284 Deinde
1194 4225 1313 4285 illorum
1327 4244 1433 4287 versus
1447 4227 1478 4286 in
1494 4227 1660 4304 penultima
1674 4227 1746 4288 sede
1761 4244 1882 4305 semper
1894 4227 2007 4286 habent

374 4323 545 4394 accentum,
568 4319 616 4380 hic
637 4339 726 4398 saepe
747 4323 806 4382 alio
827 4323 902 4385 loco.
941 4324 1242 4387 Gholiambisautem
1262 4328 1386 4389 illinon
1406 4334 1477 4389 sunt
1497 4330 1555 4390 usi.
1593 4328 1671 4404 Quid
1692 4329 1772 4407 quod
1793 4329 1845 4389 ille
1860 4347 1952 4407 saepe
1967 4347 2006 4390 nc

375 4421 468 4498 pedes
496 4421 618 4498 quidem
650 4431 786 4485 accurate
817 4429 993 4489 numeravit.
1039 4427 1141 4504 Quivis
1167 4435 1238 4506 puto
1264 4430 1316 4506 qui
1342 4430 1431 4490 nullis
1457 4437 1695 4509 praeoccupatus
1721 4433 1944 4511 opinationibus
1965 4432 2004 4492 ad

376 4524 551 4601 scriptorem
568 4525 659 4586 istum
675 4529 790 4588 accedit
806 4537 968 4606 cognoscet
983 4531 1112 4590 studium
1128 4530 1364 4592 choliamborum
1379 4534 1567 4610 antiquorum
1582 4535 1803 4596 faciendorum:
1827 4536 1881 4597 sed
1896 4537 2006 4596 llinam

375 4624 548 4688 deiecerunt
569 4629 649 4690 vires
672 4647 768 4708 neque
791 4632 909 4693 uincula
923 4633 1096 4694 recentioris
1112 4638 1202 4710 atque
1216 4634 1378 4695 hodiernae
1392 4637 1552 4713 prosodiae
1568 4638 1677 4715 quibus
1692 4639 1853 4700 obstrictus
1868 4658 1886 4698 a
1900 4644 2007 4698 natura

374 4727 530 4790 tenebatur
550 4751 745 4811 perrumpere
768 4736 873 4812 potuit.
910 4735 1011 4796 Babrii
1031 4738 1062 4799 in
1084 4737 1128 4796 eis
1148 4737 1258 4797 fabulis
1280 4739 1354 4798 nihil
1377 4744 1564 4816 estpraeter
1585 4757 1717 4817 eaquae
1738 4741 1795 4801 el.
1816 4740 2005 4818 pedestribus

374 4827 529 4891 desumsit.
567 4833 592 4892 Ε
613 4835 704 4912 longa
724 4837 912 4912 digressione
932 4856 951 4896 a
971 4839 1090 4900 subdito
1112 4839 1222 4901 Rabrio
1248 4841 1287 4900 ad
1310 4841 1469 4917 genuinum
1490 4842 1685 4903 redeuntibus
1706 4845 1806 4904 rtatim
1829 4861 1895 4902 cum
1914 4844 2005 4903 inter·

374 4932 509 5008 polatore
531 4935 762 5014 depugnandum
784 4944 840 4999 est.
878 4941 946 5000 Adi.
968 4938 1094 5025 ἀτεχνῆς
1110 4943 1160 5014 75,
1177 4947 1196 5002 4
1213 4942 1447 5005 Graecumesse
1467 4944 1620 5005 Nauckius
1639 4944 1716 5006 blus.
1737 4946 1879 5020 Rheni,
1898 4948 1956 5005 155
1977 4949 2007 5004 et

374 5032 504 5096 (lobetus
519 5039 627 5100 iniuria
641 5047 762 5117 negant.
795 5033 926 5125 Ἀτέχνης
941 5044 1019 5104 enim
1033 5045 1192 5106 formatum
1207 5063 1275 5106 esse
1290 5053 1323 5105 ut
1337 5040 1538 5129 κλυτοτέχνης
1552 5047 1674 5108 Homeri
1688 5043 1872 5130 πολυτέχνης
1886 5047 2005 5108 Solonis

372 5135 539 5201 Meinekius
565 5147 596 5201 et
610 5141 794 5204 Schneidew.
816 5145 1034 5207 adnotaverunt
1054 5144 1111 5227 (pr.
1132 5146 1199 5222 13)=
1228 5148 1361 5209 indicare
1382 5149 1533 5210 debebant
1551 5153 1602 5228 qui
1622 5150 1711 5226 longe
1732 5150 1850 5228 plenius
1871 5150 1908 5210 de
1923 5167 2005 5210 aare

1782 5247 1799 5297 4
