4575 6025
1116 458 1319 575 *23-

404 666 662 759 exceptaculum
688 659 726 731 αὑ
751 664 842 731 πάλιν
869 663 1017 739 ἐσθίοντος
1043 666 1204 756 ἐγρηγόρει.
1224 668 1229 745 Ι
1249 660 1335 740 οὗτος
1362 660 1513 753 ἐπέρριψεν
1539 669 1646 729 ὀστοῦν
1669 671 1772 731 λαλῶν
1796 678 1897 732 ταῦτα
1922 668 2036 753 (sedem
2090 649 2092 658 Ι

404 778 559 838 verborum
583 768 722 852 mutavil·
743 771 748 851 Ι
769 763 793 832 ὦ
815 769 1006 855 ταλαίπωρον
1029 767 1166 847 κυνάριον
1192 758 1326 842 ὑπνῶδες
1345 769 1350 848 Ι
1367 769 1398 831 τί
1421 791 1467 831 σοι
1490 768 1604 839 ποιήσω
1628 770 1706 852 ὄκνῳ
1729 768 1938 859 κατεχομένοις
1960 772 1965 856 Ι
1983 774 2035 835 ὅτε

404 874 457 963 μὲν
476 875 532 964 γὰρ
552 874 588 936 τύ
609 875 761 961 οἰκμιύνιον
786 870 868 959 Ιμοὺ]
890 870 1078 959 προςκρούσω
1098 874 1102 952 Ι
1123 872 1328 945 έπανακλίνεις
1347 871 1457 933 σαυτὸν
1479 870 1555 955 (cod.
1573 873 1694 935 ἑαυτύνι
1716 885 1826 939 mutar.
1849 872 1922 939 Ein
1938 877 1972 958 ΟΙ
1988 877 2036 937 ἐπὶ

403 975 590 1065 κραββάτου·
611 976 616 1055 Ι
637 976 688 1037 ὅτε
710 964 743 1038 δὲ
758 973 848 1037 πάλιν
868 974 938 1046 τοὺς
958 961 1083 1046 ὀδόντας
1097 972 1208 1043 κινιίσω
1228 973 1233 1055 Ι
1253 969 1338 1046 εὐθὺς
1353 974 1451 1062 ἐγείρῃ
1470 974 1522 1035 καὶ
1536 974 1592 1043 criu
1608 974 1714 1063 κέρκον
1730 999 1780 1063 μοι
1795 977 1888 1050 σείεις.
1926 982 2036 1043 Contu·

402 1085 472 1145 leris
487 1084 511 1143 F
525 1086 561 1143 21
581 1100 647 1143 cum
662 1081 689 1141 H
702 1084 740 1143 66
757 1088 787 1143 et
801 1081 917 1141 videbis
937 1081 967 1139 in
981 1078 1038 1139 hac
1053 1080 1074 1141 f.
1090 1080 1218 1158 plurima
1233 1098 1300 1141 esse
1316 1082 1483 1152 immutata,
1507 1099 1596 1157 quum
1617 1082 1648 1141 in
1668 1082 1719 1141 illa
1741 1080 1865 1143 metrum
1888 1091 2037 1145 servatum

402 1188 441 1247 sit
455 1188 517 1246 iere
533 1186 679 1262 integrum
691 1178 730 1265 (v.
746 1191 756 1244 1
775 1202 831 1245 scr.
845 1176 991 1265 κατέχων,
1009 1186 1025 1241 5
1040 1188 1070 1241 et
1083 1184 1099 1243 6
1116 1182 1225 1241 fuerint
1240 1179 1291 1240 καὶ
1306 1168 1345 1247 δὴ
1361 1175 1508 1266 θυμωθεὶς
1523 1176 1595 1266 ἄρας
1611 1180 1702 1242 αὑτὸν
1716 1190 1771 1243 τοὺ
1787 1183 1909 1255 σκέλους
1925 1180 2036 1271 ἔρριψεν
2095 1209 2099 1281 Ι

332 1308 335 1317 ’
402 1285 495 1349 αὑτὸν
517 1285 547 1346 ἐν
568 1292 611 1364 τῷ
633 1284 725 1370 τοίχῳ
746 1278 971 1369 προςκρούσαςΙε
1002 1285 1055 1344 sed
1079 1286 1108 1343 in
1129 1284 1213 1345 Η66
1235 1303 1351 1364 qnoque
1377 1284 1482 1344 ultima
1508 1286 1663 1363 pristinam
1687 1287 1809 1348 formam
1834 1289 2035 1349 retinuerunt:
2097 1285 2100 1326 l

402 1386 545 1475 στρεβλός
564 1384 719 1475 τυγχάνεις
739 1389 779 1457 ὡς
799 1380 882 1471 οἶμαι
902 1383 953 1445 καὶ
973 1383 1135 1471 ἀγνώμων·
1154 1384 1160 1467 Ι
1180 1382 1316 1471 τιμῶνταί
1336 1406 1369 1448 σε
1389 1383 1446 1473 γὰρ
1467 1373 1554 1447 οὑδὲν
1568 1382 1726 1473 ὠφέλησας
1741 1407 1794 1472 με·
1813 1386 1818 1463 Ι
1838 1387 2035 1458 τυπτήσαντα
2098 1389 2102 1505 Ι

404 1479 438 1552 δὲ
457 1491 580 1563 πολλοῖς
600 1491 703 1561 καλοῖς
723 1482 847 1575 ἠμείψω.
885 1482 924 1547 Τί
945 1507 991 1548 σοι
1010 1484 1126 1555 ποιήσω
1148 1490 1221 1550 dixit
1240 1489 1264 1549 F
1282 1492 1320 1551 82
1342 1497 1375 1549 ut
1393 1494 1449 1551 187
1466 1490 1494 1550 Η
1510 1492 1601 1552 3495.
1619 1511 1646 1551 v.
1668 1495 1703 1551 15
1726 1481 1782 1551 ἆᾶ
1803 1491 1833 1551 τί
1854 1480 1887 1552 δέ
1910 1513 1955 1554 σοι
1975 1490 2035 1579 ἐγὼ

404 1590 471 1681 ἄρτι
491 1592 621 1662 notium:
646 1595 753 1656 etenim
776 1594 828 1653 illa
849 1611 965 1672 quoque
986 1594 1005 1652 f.
1024 1599 1141 1653 constat
1160 1612 1208 1653 νν.
1230 1593 1370 1670 politicis.
1408 1594 1543 1654 Alterum
1558 1582 1579 1651 ἆ
1594 1594 1706 1655 addidi.
1723 1614 1751 1653 ν.
1769 1599 1786 1655 3
1804 1596 1870 1657 dele
1890 1615 1953 1666 πως
1968 1602 2037 1673 post

404 1695 453 1783 pri.
478 1702 494 1759 7
511 1702 588 1759 inter
602 1696 653 1757 καί
668 1704 698 1759 et
711 1695 790 1756 λέων
811 1697 919 1757 excidit
940 1690 1041 1765 καλύς.
1074 1698 1112 1755 16
1129 1713 1183 1773 pro
1197 1700 1298 1753 ταῦτα
1313 1713 1369 1756 scr.
1386 1700 1523 1754 τοιαῦτα.
1550 1700 1586 1756 18
1604 1714 1659 1776 pro
1675 1702 1785 1757 καῦσαι
1799 1706 1851 1758 aut
1866 1716 1931 1759 cum
1946 1698 2038 1760 Furia

404 1821 460 1863 scr.
472 1807 594 1886 κροῦσαι
609 1806 660 1861 aut
674 1806 788 1859 παῖσαι.
813 1802 853 1860 20
869 1797 956 1883 ἄλγει
973 1792 1097 1883 μεγάλῳ
1110 1797 1247 1859 Halmius
1262 1804 1351 1860 recte.
1375 1801 1414 1859 22
1430 1804 1478 1859 est
1492 1817 1571 1859 nom.
1585 1801 1649 1859 abs.
1665 1800 1702 1859 de
1718 1818 1775 1877 quo
1792 1820 1884 1879 supra
1899 1802 2034 1861 diximus.
2105 1852 2107 1855 ,

404 1908 421 1965 9
444 1903 560 1991 μᾶλλον
580 1910 610 1964 et
633 1898 727 1962 πλέον
751 1903 907 1962 coniuncta
932 1908 1002 1961 suut
1026 1906 1059 1960 ut
1084 1908 1210 1961 metrum
1236 1907 1353 1962 constet
1381 1921 1409 1961 v.
1427 1901 1450 1961 F
1466 1905 1526 1963 305
1549 1894 1666 1986 μεθύων
1687 1899 1794 1986 λύχνος
1816 1901 1847 1962 ἐν
1867 1901 1960 1980 ἐλαίῳ
1982 1901 2035 1961 καὶ
2104 1856 2109 2020 Ι

401 2002 547 2093 ρέγγωνΙ
568 2004 733 2088 ἐκαυχᾶτο,
755 2005 794 2074 ὡς
816 1998 887 2087 ὑπὲρ
907 1998 992 2069 ἥλιον
1011 1997 1104 2061 πλέον
1122 1996 1127 2083 Ι
1148 1999 1271 2087 λάμπει.
1294 1999 1405 2083 ἀνέμου
1426 1990 1460 2063 δέ
1479 2010 1572 2074 πνοῆς
1592 2009 1749 2087 συρισάσης
1767 2002 1772 2079 Ι
1792 1998 1877 2075 εὐθὺς
1898 1998 2034 2085 ἐσβέσθη.
2107 2023 2110 2103 Ι

401 2110 436 2169 ἐκ
458 2096 600 2191 δευτέρου
621 2094 656 2165 δὲ
679 2105 784 2165 ἅπτων
803 2101 808 2185 Ι
826 2125 871 2175 τις
891 2098 972 2164 εἶπεν
994 2103 1072 2181 (tort.
1095 2097 1159 2164 εἶπέ
1181 2101 1236 2184 τιςΙ
1257 2106 1355 2184 αὑτῷ·
1382 2113 1467 2189 φαῖνε
1486 2104 1575 2190 λύχνε
1597 2104 1648 2165 καὶ
1663 2104 1734 2192 σίγα
1752 2101 1757 2187 Ι
1775 2112 1836 2165 τῶν
1851 2103 1985 2191 ἀστέρων
1999 2106 2035 2167 τὸ
2108 2108 2111 2188 Ι

402 2207 515 2296 ρέγγος
542 2202 645 2268 οὔποτ’
671 2205 808 2270 ἐκλείπει.
847 2209 924 2268 Male
945 2207 1080 2268 Halmius
1104 2211 1165 2268 285
1191 2206 1221 2268 έν
1248 2209 1367 2269 delevit.
1406 2209 1507 2269 Ultimi
1530 2228 1580 2269 vv.
1603 2210 1761 2271 choliambi
1788 2216 1859 2271 sunt
1881 2228 1917 2270 ex
1942 2212 2036 2271 altera
2109 2189 2112 2274 Ι

405 2314 578 2373 recensione
593 2312 626 2374 Β.
647 2316 704 2373 114
721 2312 841 2373 servati.
879 2310 982 2388 Neque
1004 2329 1056 2371 our
1072 2330 1164 2389 saepe
1181 2312 1272 2371 verba
1286 2312 1387 2388 inepte
1403 2317 1579 2372 coacervata
1594 2318 1624 2371 et
1639 2311 1784 2371 collocata
1799 2314 1859 2372 sint
1873 2329 1968 2389 neque
1984 2331 2036 2373 cur

402 2415 432 2475 in
447 2414 471 2475 F
487 2418 546 2476 361
565 2414 592 2475 Η
608 2417 667 2475 278
683 2420 791 2473 τοῦτον
807 2432 867 2474 non
881 2418 1020 2473 τοιοῦτον
1036 2414 1181 2491 scriptum
1197 2415 1237 2473 sit
1250 2414 1406 2493 quisquam
1423 2414 1577 2491 intelleget
1591 2414 1650 2473 nisi
1670 2420 1763 2474 metro
1785 2414 1918 2491 cognito:
1945 2410 2036 2485 λύκος
2111 2439 2115 2511 Ι

401 2517 432 2577 ίν
446 2516 540 2595 κλοιῷ
562 2517 637 2602 ὁρῶν
652 2511 793 2603 μέγιστον
809 2512 884 2575 κύνα
899 2511 1010 2593 (delevi
1026 2516 1159 2592 glossam
1179 2500 1350 2601 δεδεμένον)
1371 2510 1375 2594 Ι
1394 2512 1496 2599 ἤρετο·
1520 2501 1613 2587 δήσας
1634 2512 1677 2586 τίς
1692 2510 1717 2575 σ’
1733 2504 1871 2601 ἐξέθρεψε
1887 2523 2011 2592 τοῦτον;
2029 2512 2033 2598 Ι
2112 2512 2116 2617 Ι

401 2620 514 2700 Scripsi
530 2620 559 2680 'F
575 2622 613 2680 21
636 2615 775 2704 κατέχων
794 2628 828 2680 ut
848 2620 957 2696 legitur
976 2620 1006 2679 in
1028 2618 1053 2677 F
1072 2620 1130 2679 122
1154 2618 1183 2678 Η
1199 2620 1280 2679 3225
1301 2636 1390 2697 quam
1410 2618 1541 2680 Cobetus
1562 2618 1598 2680 V.
1618 2618 1716 2679 1184
1737 2619 1768 2678 in
1794 2625 1919 2681 metrum
1947 2640 2032 2681 suum
2114 2618 2116 2648 r

400 2724 545 2784 restituit:
575 2723 629 2783 sed
650 2742 710 2783 non
731 2723 877 2783 intellexit
896 2722 946 2782 ille
969 2723 1015 2783 vir
1034 2722 1227 2783 acutissimus
1247 2722 1343 2799 legem
1365 2722 1484 2783 illorum
1504 2740 1552 2782 vv.
1574 2740 1743 2800 supremam
1763 2728 1797 2783 ut
1816 2724 1846 2782 in
1869 2722 2033 2801 penultima

401 2844 507 2887 versus
522 2826 595 2887 sede
611 2831 765 2887 accentum
780 2826 918 2885 habeant.
955 2824 1060 2902 ltaque
1075 2844 1105 2885 v.
1126 2827 1163 2884 14
1179 2844 1238 2885 non
1254 2843 1311 2885 scr.
1328 2830 1375 2885 est
1390 2817 1526 2909 μυρεψῶν
1542 2844 1596 2904 pro
1613 2815 1822 2909 μυρεψοὺντων
1838 2821 1877 2904 (r.
1894 2826 1927 2886 E.
1943 2824 2033 2886 Schn.

404 2925 455 3008 95)
472 2930 525 2990 sed
547 2929 587 2999 εἰς
607 2935 675 2989 aute
697 2922 749 2987 ἕνα
769 2926 927 2987 delendum
950 2928 1028 3004 quod
1051 2927 1110 2987 alia
1129 2928 1189 2987 iam
1212 2928 1249 2989 de
1271 2945 1378 2989 caussa
1393 2927 1421 2987 H
1436 2928 1555 2989 iecerat.
1571 2946 1598 2989 v.
1618 2930 1654 2987 17
1672 2928 1778 2988 melius
1793 2928 1894 2989 addito
1909 2928 2035 2989 articulo

404 3034 582 3094 scriberetur
602 3032 618 3091 6
637 3018 662 3090 δ’
677 3026 773 3090 ἀπιὼν
796 3026 960 3090 κατέπεσεν
976 3031 1015 3101 εἰς
1030 3026 1064 3090 τὰ
1081 3015 1168 3113 ὑδωρ.
1204 3009 1407 3093 Restituemus
1428 3032 1554 3108 denique
1573 3032 1713 3109 scriptori
1732 3033 1855 3092 formam
1872 3033 2033 3110 pessimam

404 3135 523 3212 quidem
543 3135 595 3195 sed
616 3141 716 3195 tamen
737 3135 765 3194 ei
788 3135 895 3195 iniuria
916 3141 1049 3214 ereptam
1073 3134 1304 3196 F157H16b.
1339 3130 1414 3219 ὄρνις
1434 3119 1549 3201 δήποτε
1575 3127 1766 3204 κατακλιθεὶς
1787 3130 1931 3218 ἠρρώστει
1952 3120 2034 3212 (δήτι.

405 3239 581 3316 saepissime
596 3239 625 3297 in
643 3223 752 3296 δέποτε
769 3244 907 3315 corrupta
928 3245 987 3299 est:
1011 3256 1101 3316 saepe
1122 3239 1212 3298 etiam
1233 3222 1270 3304 dri
1291 3238 1370 3317 quod
1391 3257 1420 3297 v.
1440 3237 1564 3315 requirit
1584 3238 1692 3298 excidit
1712 3238 1794 3298 velut
1810 3240 1848 3297 63
1864 3237 1892 3296 Η
1908 3221 2034 3304 δήποτε

404 3325 571 3399 συνώδευσε
587 3335 665 3398 λέων
687 3333 846 3423 ἀνθρώπῳε
870 3341 935 3400 cod.
955 3335 1050 3419 ποτέ).
1073 3361 1101 3401 ν.
1118 3345 1136 3400 3
1154 3359 1212 3401 scr.
1233 3344 1296 3409 πῶς
1316 3341 1406 3423 ἔχεις,
1430 3337 1512 3423 ρίλε;
1533 3336 1563 3397 τί
1578 3325 1611 3398 δέ
1627 3359 1687 3414 σοις
1708 3335 1744 3405 ἤν
1764 3359 1794 3398 τι
1809 3327 1919 3422 χρήζῃς
1934 3335 1969 3414 ΙΙ1
1984 3337 2033 3398 ἰ’να

402 3443 430 3502 Η
445 3437 507 3518 ἐάν)
523 3437 527 3523 Ι
541 3436 720 3528 ἀνοίγγειλύν
736 3461 786 3526 μοι
802 3440 854 3500 καὶ
872 3436 973 3501 πάντα
988 3462 1033 3502 σοι
1048 3429 1168 3526 παρέξω
1182 3437 1185 3524 Ι
1199 3439 1279 3526 ὅμως
1295 3443 1422 3520 (corrigo
1437 3461 1454 3503 e
1468 3443 1502 3503 B.
1522 3444 1591 3517 121,
1608 3447 1625 3501 3
1642 3419 1751 3525 μύνωςΙ
1767 3444 1860 3527 ἔγειρε
1875 3439 1926 3499 καὶ
1941 3428 2032 3521 τεύὶιρ

402 3551 457 3616 τῆς
467 3543 569 3630 ὑγείας
579 3539 592 3626 Ι.
615 3545 653 3605 Et
664 3541 752 3630 ὑγεία
764 3551 793 3604 οι
803 3552 928 3630 ταμεῖον
940 3546 1158 3624 pronuntiando
1175 3551 1332 3624 corruptae
1348 3534 1445 3604 sunto
1460 3546 1563 3606 lormis
1579 3546 1716 3622 genuinis
1732 3541 1827 3629 ripeta
1840 3551 1870 3604 et
1880 3551 2032 3628 ταμιεῖονι

403 3649 487 3708 cuius
507 3649 549 3708 rei
567 3649 663 3726 'supra
683 3647 830 3725 quaedam
851 3649 936 3724 posui
954 3649 1097 3727 exempla.
1135 3648 1169 3707 B.
1190 3651 1258 3723 108,
1276 3651 1303 3708 2.
1320 3648 1393 3709 Lob.
1409 3648 1478 3708 Phr.
1494 3650 1566 3708 493.
1583 3647 1681 3708 Paral.
1699 3649 1748 3707 28.
1764 3647 1850 3707 Path.
1869 3653 1895 3718 1,
1914 3649 1985 3706 279.
2003 3649 2033 3718 2,

406 3755 474 3811 134.
491 3751 568 3829 prol.
585 3745 646 3810 934
663 3769 691 3810 n.
708 3750 801 3811 Piers.
819 3750 909 3811 Moer.
927 3753 999 3812 380.
1014 3751 1097 3812 Pors.
1114 3750 1164 3812 Or.
1182 3753 1252 3811 229.
1269 3751 1346 3812 Adv.
1365 3749 1436 3811 116.
1452 3751 1511 3810 lac.
1528 3751 1602 3810 rich.
1618 3751 1683 3811 Tat.
1701 3752 1771 3811 812.
1789 3752 1859 3810 946.
1883 3749 1985 3810 Cobet.
1997 3749 2032 3809 N.

403 3852 422 3910 l.
440 3855 510 3914 331.
527 3835 605 3914 s'chl.
622 3851 655 3913 L.
672 3852 706 3913 V.
723 3853 756 3914 T.
772 3852 807 3924 V,
825 3854 984 3913 258.·361.
1006 3851 1105 3913 Winer
1121 3857 1171 3913 86.
1188 3853 1234 3913 Et.
1250 3853 1288 3912 11.
1305 3855 1377 3924 468,
1396 3860 1408 3913 l
1429 3871 1473 3930 sq.
1491 3856 1562 3926 774,
1579 3855 1629 3913 32.
1646 3856 1696 3914 36.
1711 3853 1788 3912 ΡΙυί.
1805 3852 1869 3912 Ael.
1885 3853 1921 3912 Α.
1939 3851 1975 3915 Η.
1992 3853 2030 3911 cl.

405 3953 464 4014 ind.
480 3973 555 4016 com.
572 3958 644 4016 999.
676 3954 851 4032 Cognovisti
866 3955 896 4014 in
917 3956 1026 4017 fabulis
1041 3955 1223 4017 Florentinis
1239 3955 1383 4033 plurimos
1398 3955 1490 4016 latere
1506 3975 1554 4017 vr.
1572 3955 1726 4034 politicos,
1747 3956 1817 4015 item
1833 3956 1865 4015 iu
1880 3954 2032 4015 Vaticanis

404 4073 527 4135 quarum
549 4059 661 4123 multae
683 4063 822 4119 constant
842 4059 901 4119 lab.
924 4077 1003 4119 mere
1026 4058 1184 4118 Babrianis
1203 4059 1245 4118 ita
1264 4063 1365 4118 tamen
1385 4059 1560 4137 plerumque
1580 4058 1703 4118 mutatis
1724 4063 1758 4117 ut
1780 4057 1966 4135 politicorum
1983 4077 2031 4117 vv.

403 4159 540 4237 speciem
551 4161 688 4236 referant.
712 4159 746 4220 In
759 4161 866 4222 fabulis
880 4180 954 4240 quas
968 4161 1063 4222 Miller
1078 4161 1172 4222 edidit
1183 4161 1333 4234 nonnulla,
1349 4162 1380 4221 in
1392 4161 1534 4221 Planudis
1546 4166 1576 4220 et
1588 4159 1730 4239 Syntipae
1742 4161 1800 4220 tab.
1814 4178 1889 4238 quae
1900 4160 2034 4220 feruutur

404 4279 571 4340 perpauca,
593 4262 622 4320 in
638 4262 782 4325 Palatinis
803 4270 832 4324 et
854 4265 1016 4342 Augusteis
1037 4264 1118 4324 nulla
1140 4265 1260 4325 omuino
1279 4283 1327 4323 rr.
1349 4248 1536 4342 politicorum
1556 4264 1684 4340 vestigia
1698 4263 1840 4341 reperies.
1878 4264 2033 4340 Augustea

402 4371 499 4424 autem
512 4364 648 4424 collectio
661 4365 784 4442 quaml.
798 4364 833 4428 G.
847 4366 1009 4427 Schneider
1021 4367 1115 4427 edidit
1131 4367 1261 4428 omnium
1279 4365 1367 4443 longe
1379 4366 1493 4446 optima
1503 4367 1642 4427 habenda
1654 4372 1708 4426 est.
1731 4366 1804 4426 Inde
1817 4372 1901 4444 patet
1912 4367 1980 4444 quid
1995 4367 2032 4426 de

402 4471 537 4546 tempore
550 4487 609 4546 quo
619 4467 804 4548 conscriptae
813 4470 873 4529 sint
885 4470 924 4529 sit
935 4469 1140 4550 statuendum:
1153 4475 1243 4546 atque
1255 4469 1378 4529 cumbis
1390 4470 1648 4530 observationibus
1657 4469 1803 4530 sermonis
1811 4488 1885 4530 usus
1893 4471 2030 4529 concinit.

404 4565 517 4642 Quibus
533 4570 680 4647 quaedam
697 4571 734 4631 de
749 4572 858 4649 Ignatii
873 4573 1054 4633 tetrastichis
1070 4571 1181 4632 addere
1196 4573 1319 4632 iuvabit.
1343 4572 1400 4633 Sed
1417 4573 1517 4650 paullo
1533 4573 1652 4649 longius
1667 4573 1860 4648 repetendum
1877 4577 1932 4632 est.
1954 4572 1973 4630 i.
1990 4573 2029 4632 39

403 4671 447 4730 sic
461 4677 494 4731 ut
513 4691 591 4733 nunc
612 4673 723 4750 legitur
742 4694 800 4735 non
824 4681 871 4736 est
885 4694 903 4734 a
917 4674 1025 4736 Babrio
1046 4675 1189 4754 protecta.
1227 4674 1285 4735 Ubi
1306 4679 1353 4736 est
1372 4675 1451 4735 enim
1466 4675 1627 4752 singularis
1648 4675 1729 4734 illius
1753 4675 1827 4734 artis
1842 4674 2031 4734 describendi

403 4781 433 4834 et
447 4775 628 4852 depingendi
649 4796 738 4856 quam
759 4797 824 4838 cum
849 4779 993 4857 plurimae
1013 4777 1090 4838 aliae
1105 4783 1169 4837 tum
1185 4780 1224 4838 95
1240 4777 1371 4839 referunt
1397 4779 1442 4838 vel
1458 4778 1610 4838 minimum
1632 4776 1790 4853 vestigium
1805 4777 1836 4836 in
1850 4777 1870 4837 i.
1886 4781 1946 4836 tam
1963 4777 2031 4836 exili

402 4883 434 4938 ut
449 4879 497 4938 vix
511 4880 643 4957 intellegi
659 4882 775 4959 possit?
813 4880 866 4940 Vel
881 4881 901 4941 f.
919 4881 1076 4959 pedestres
1091 4875 1135 4958 (H
1154 4876 1229 4961 116)
1246 4886 1314 4941 sunt
1336 4881 1495 4960 pleniores.
1532 4881 1595 4942 Nec
1614 4885 1712 4939 tamen
1734 4885 1780 4940 est
1801 4897 1852 4938 our
1872 4879 2030 4957 quicquam

401 4999 420 5038 a
438 4981 559 5042 librario
584 4985 728 5044 omissum
756 5000 823 5044 esse
850 4987 1030 5044 statuamus:
1067 4983 1199 5044 sedenim
1220 4990 1308 5044 tenne
1335 4984 1527 5044 summarium
1549 4989 1595 5043 est
1615 4983 1754 5042 carminis
1780 4982 1979 5058 explicatioris
1999 4983 2029 5040 in

401 5087 420 5142 4
442 5103 489 5144 vv.
516 5083 697 5146 coarctatum
724 5091 756 5146 ut
777 5089 804 5146 8.
828 5087 877 5144 29.
899 5087 950 5146 40.
972 5089 1023 5146 41.
1045 5088 1093 5146 73.
1117 5089 1167 5146 81.
1190 5088 1239 5145 83.
1265 5090 1333 5146 110.
1357 5091 1405 5146 14.
1427 5089 1477 5146 54.
1501 5089 1550 5146 60.
1573 5090 1622 5146 80.
1645 5088 1694 5145 90.
1717 5085 2030 5158 96109113121,

400 5205 524 5264 quarum
546 5189 721 5267 praesertim
742 5205 816 5264 quas
839 5189 953 5265 priores
969 5189 1057 5267 posui
1073 5189 1179 5249 eodem
1195 5188 1267 5248 vitio
1282 5187 1429 5263 laborant,
1445 5192 1496 5249 73.
1513 5191 1551 5249 83
1571 5185 1654 5262 (109,
1671 5182 1701 5265 2Ι
1719 5187 1842 5263 insuper
1855 5187 1939 5253 aliis.
1955 5205 2028 5244 uon·
