4575 6025
1121 412 1167 481 28

320 622 387 699 quis
408 620 553 681 benevolo
574 620 673 679 animo
696 619 726 679 in
748 620 811 692 via,
836 636 895 678 non
918 617 1043 688 infitior,
1064 618 1138 677 satis
1159 618 1283 694 spinosa
1301 635 1348 677 mc
1368 618 1521 694 hucusque
1542 623 1663 678 secutus
1683 619 1860 679 fueriteum
1882 636 1955 695 rogo

321 730 409 801 atque
424 723 527 799 flagito
543 727 576 782 ut
600 740 675 800 quae
698 739 745 780 me
764 737 908 798 peccasse
930 719 1108 779 intellexerit
1122 719 1250 799 benigne
1266 726 1400 780 excuset:
1424 738 1493 779 nam
1509 721 1627 781 etiamsi
1641 739 1689 780 me
1704 738 1763 781 non
1777 724 1955 799 imparatum

321 826 358 885 ad
385 843 462 902 opus
486 825 653 884 accessisse
675 822 862 899 cognoverit,
890 827 989 881 tamen
1016 839 1091 899 quae
1117 822 1295 897 collegeram
1321 827 1352 881 et
1378 822 1615 897 excogitaveram
1642 821 1720 882 intra
1744 824 1870 884 duorum
1894 824 1955 884 fere

322 928 467 987 mensium
490 928 620 1005 spatium
642 926 674 985 in
694 926 827 985 ordinem
849 923 1012 999 redigenda
1031 928 1060 983 et
1080 922 1261 983 elaboranda
1281 928 1374 983 erant.
1413 922 1516 984 Subito
1539 925 1618 985 enim
1640 925 1796 1001 poscebar.
1833 926 1955 986 Meliora

321 1034 421 1089 autem
442 1046 520 1088 nunc
543 1028 677 1105 plurimis
702 1028 887 1103 maximeque
913 1026 1004 1085 variis
1029 1025 1158 1101 negotiis
1178 1026 1325 1085 distentus
1345 1030 1499 1101 praestare
1521 1044 1581 1086 uon
1606 1028 1700 1105 potui.
1738 1025 1821 1101 Quae
1847 1028 1873 1087 si
1893 1045 1954 1088 non

324 1148 447 1207 prorsus
475 1130 682 1207 displicuerint
706 1130 833 1189 Ernesto
855 1127 1094 1205 Tromphellero‚
1121 1126 1291 1187 Hermanno
1312 1122 1461 1205 Sauppio,
1489 1126 1596 1189 Garolo
1618 1122 1749 1202 Simoni,
1777 1131 1954 1207 praesertim

221 1222 228 1231 ⁴
319 1239 420 1292 autem
435 1232 482 1292 cni
497 1238 640 1309 quantum
656 1231 781 1292 debeam
797 1247 948 1307 nunquam
965 1229 1038 1289 satis
1054 1230 1157 1290 efferre
1173 1235 1278 1307 potero
1292 1228 1435 1289 Mauricio
1451 1229 1594 1308 Hauptio‚
1610 1249 1791 1308 magnopere
1806 1232 1953 1307 gaudebo.
2061 1258 2064 1264 ·

988 1508 1343 1593 consumamto

407 1706 592 1781 Quibusdam
606 1686 716 1767 fabulis
730 1706 860 1783 politicis
877 1723 948 1765 suos
965 1723 1103 1767 numeros
1117 1706 1250 1765 reddam.
1274 1704 1310 1765 H.
1322 1702 1398 1765 207b
1418 1704 1511 1765 Facu
1529 1699 1647 1775 Ἰκτῖνος
1659 1702 1724 1789 ὄφιν
1736 1697 1953 1777 ἀνω-πετάσας

321 1802 408 1891 φέρει.
428 1802 432 1883 Ι
453 1800 493 1865 Ὀ
511 1794 536 1865 θ’
559 1804 746 1889 ἐπιστραφεὶς
766 1805 816 1865 καὶ
837 1795 938 1865 δακὼν
955 1812 1062 1865 τοῦτον
1078 1795 1161 1877 αὖθις
1180 1800 1186 1887 Ι
1204 1800 1289 1877 εὐθὺς
1304 1809 1442 1866 ἔκτεινεν.
1465 1792 1524 1865 ἀνθ’
1540 1802 1743 1891 ὅριςάνεβόα·
1762 1801 1767 1887 Ι
1787 1805 1835 1866 ἵνα
1849 1806 1879 1867 τί
1895 1812 1953 1892 ἀρα

321 1904 415 1977 ούτως
435 1904 525 1979 αὐτὸς
546 1902 656 1992 ἐμάνης
675 1906 679 1985 Ι
699 1906 777 1967 ὥστε
798 1904 868 1978 τοὺς
892 1894 984 1992 μηθὲν
1006 1906 1082 1979 ὅλως
1103 1894 1285 1978 ἠδικηκότας
1303 1905 1308 1987 Ι
1328 1903 1472 1987 βλάπτειν
1494 1904 1620 1987 ἐβούλου
1641 1907 1692 1968 καὶ
1715 1902 1845 1969 θάνατον
1867 1931 1953 1994 προς-

322 2005 418 2095 ἀγειν;
439 2010 444 2085 Ι
464 2007 545 2095 ὅμως
564 2003 714 2079 πέπονθας
735 2004 750 2068 θ
772 2004 898 2091 ἐβούλου
919 2029 969 2089 μοι
989 1997 1115 2093 πρᾶξαι..
1153 2011 1230 2071 Male
1245 2011 1381 2072 Halmius
1403 2000 1485 2081 αὖθις
1506 2012 1635 2072 delebat.
1658 2008 1738 2095 ὅμως
1752 2013 1870 2074 videtur
1885 2032 1952 2075 esse

321 2114 339 2173 i.
357 2132 385 2191 q.
403 2099 435 2182 ἐξ
449 2112 524 2171 ἰ’σου.
547 2114 615 2173 fort.
633 2132 689 2173 scr.
706 2108 812 2196 μόνως.
836 2112 864 2171 Η
879 2115 936 2173 157
954 2104 1092 2195 Ἠμίονός
1105 2133 1150 2182 τις
1165 2110 1200 2171 ὲκ
1214 2106 1314 2195 κριθῆς
1327 2106 1512 2196 παχυνθεῖσα
1530 2111 1535 2186 Ι
1555 2109 1747 2196 ἀνεσκίρτησε
1761 2108 1828 2173 καθ’
1844 2112 1954 2182 ἑαυτὴν

321 2212 436 2294 βοῶσα·
457 2213 461 2292 Ι
483 2211 590 2298 ιιιατιόρ
607 2210 664 2299 μού
681 2212 761 2274 ἐστιν
775 2212 864 2283 ἵππος
880 2214 895 2273 ὁ
910 2200 1098 2299 ταχυθρύμος
1115 2218 1120 2286 Ι
1142 2210 1227 2299 κάγὼ
1244 2202 1278 2273 θὲ
1293 2213 1376 2293 αύτῷ
1392 2211 1449 2281 ὅλη
1465 2208 1684 2299 ἀφωμοιώθηνῖ
1704 2211 1709 2295 Ι
1728 2209 1791 2274 Καὶ
1807 2201 1844 2283 θη
1856 2217 1887 2277 ἐν
1899 2224 1954 2300 μιᾷ

321 2312 456 2402 ἀνάγκης
477 2310 661 2385 ἐπελθούσης
679 2314 684 2395 Ι
704 2303 896 2401 ἠναγκάζετο
919 2316 938 2382 ἡ
959 2313 1079 2401 ἡμίονος
1101 2313 1228 2401 τρέχειν·
1246 2309 1252 2395 Ι
1273 2305 1529 2400 σκυθρωπάζουσα
1555 2304 1590 2376 δὲ
1616 2302 1728 2401 θρόμου
1755 2316 1930 2401 πεπαυμένη
1947 2314 1951 2399 Ι

223 2424 227 2431 “
321 2418 433 2502 πατρός
448 2407 523 2477 οὖσα
539 2414 607 2477 dcco
624 2412 709 2489 εὐθὺς
724 2411 902 2501 ἀνεμνήσθη.
939 2437 967 2478 v.
986 2421 1002 2477 7
1019 2419 1122 2479 refinxi
1138 2438 1173 2479 ex
1187 2418 1235 2479 his
1250 2419 1351 2479 verbis
1367 2420 1407 2489 ὡς
1423 2406 1457 2477 δὲ
1473 2424 1528 2479 τοῦ
1545 2404 1587 2502 lp.
1604 2414 1773 2496 ἐπέπαυτο,
1789 2438 1836 2481 σκ.
1865 2424 1951 2497 8pro

321 2509 638 2597 attenuansque
660 2522 761 2599 possis
785 2521 875 2580 etiam
895 2537 951 2580 scr.
974 2526 1028 2578 τοῦ
1049 2539 1079 2578 π.
1100 2526 1154 2579 τοῦ
1171 2516 1247 2579 ὄνου.
1283 2520 1318 2580 Ιιι
1339 2523 1446 2581 ceteris
1468 2522 1541 2583 nihil
1561 2522 1683 2583 mutavi.
1720 2521 1749 2581 H
1765 2519 1863 2582 aiod
1882 2524 1949 2581 101.

320 2617 425 2692 Λύκος
445 2626 519 2705 ἀρνα
540 2615 630 2701 (ποθ’)
654 2618 745 2707 εὑρὼν
766 2616 995 2707 πεπλανημένον
1015 2620 1019 2700 Ι
1040 2620 1094 2680 οὐκ
1120 2618 1278 2707 ἀρηρπασε
1301 2620 1375 2705 χειρὶ
1402 2610 1601 2702 θυνατωσάτη
1621 2618 1626 2701 Ι
1646 2616 1714 2681 ἀλλ’
1738 2616 1866 2689 ἠθέλησε
1887 2615 1950 2707 μετ’

321 2720 447 2810 εὐλόγου
471 2722 566 2795 αἰτίας
585 2719 589 2802 Ι
608 2729 717 2783 τοῦτον
739 2732 852 2809 ραγεῒν.
888 2716 951 2783 εἷπε
971 2709 1005 2783 θὲ
1030 2720 1100 2809 πρθς
1116 2720 1207 2783 αὐτόν
1226 2730 1326 2783 ταῦτα
1343 2723 1378 2803 ΙΙΙ
1398 2722 1548 2804 τοιαῦτα).
1568 2721 1574 2801 Ι
1600 2720 1656 2805 (od)
1677 2720 1779 2810 πέρυσι
1799 2720 1833 2783 σὺ
1852 2719 1951 2800 πολλοὶ

307 2820 498 2913 κοιθύβρισάς
514 2844 566 2911 με;
583 2821 589 2906 Ι
611 2827 626 2885 ό
643 2812 676 2885 δὲ
695 2822 765 2908 πρθς
781 2822 873 2885 αύτθν
889 2812 1048 2906 θρηνωθῶν
1064 2822 1187 2905 ἀνεβόα·
1208 2821 1214 2907 Ι
1233 2821 1322 2912 ἔγωγ’
1344 2826 1378 2885 οὐ
1396 2822 1454 2909 [ἐν]
1471 2806 1572 2906 τούτῷ
1588 2822 1752 2913 γεγένημαι
1766 2833 1812 2904 τῷ
1826 2823 1928 2911 χρόνῳ.
1944 2821 1947 2906 Ι

321 2914 384 2986 ddi
395 2924 574 3010 πρθςοιύτθν·
587 2925 643 2995 την
659 2922 785 3014 ἀρουράν
802 2948 859 3011 μου
875 2924 959 3013 νέμη.
978 2924 983 3007 Ι
1004 2929 1019 2987 ὁ
1036 2914 1061 2987 θ’
1077 2926 1162 3014 ἀρνὸς
1177 2931 1241 3013 ἔφη·
1257 2926 1357 3014 ἀκμην
1372 2927 1485 3015 τρορην
1501 2928 1557 2989 ούκ
1573 2916 1661 2989 eidos·
1682 2927 1687 3009 Ι
1705 2924 1804 2988 Πάλιν
1821 2928 1836 2987 ὁ
1853 2924 1942 3005 λύκος

321 3029 355 3090 ἐκ
367 3036 420 3100 τῆς
431 3037 531 3116 πηγῆς
544 3050 602 3116 μου
614 3029 702 3102 πίνεις
722 3029 727 3108 Ι
747 3017 825 3090 ddi·
841 3028 932 3104 ιούπιο
944 3027 1072 3092 πέπωκα
1083 3017 1171 3116 ύθωρ
1186 3040 1338 3116 προςεῒπεν
1355 3028 1478 3113 [αὐτῷ]
1498 3029 1503 3108 Ι
1522 3039 1576 3102 τῆς
1591 3028 1670 3118 [γοὶρ]
1689 3029 1797 3116 μητρός
1813 3026 1899 3116 [μου]
1914 3026 1951 3089 τὰ

320 3127 403 3218 γάλα
425 3127 470 3212 [η]
492 3129 587 3217 τρορη
610 3152 666 3217 μου
693 3130 744 3192 καὶ
767 3127 831 3214 [τό]
851 3129 943 3217 πόμα.
963 3131 968 3213 Ι
988 3135 1003 3192 ό
1024 3119 1058 3193 θὲ
1079 3131 1237 3212 συλλαβὼν
1258 3133 1309 3194 καὶ
1323 3132 1428 3221 ραγὼν
1444 3141 1553 3194 τοῦτον
1569 3127 1661 3194 εἶπεν·
1681 3132 1686 3214 Ι
1705 3130 1786 3194 ἀλλά
1801 3129 1862 3218 ἐγὼ
1876 3127 1952 3202 τέως

322 3220 459 3304 ἀθειπνος
474 3231 508 3292 οὐ
526 3230 605 3318 μένω
621 3229 654 3316 (F
670 3230 762 3318 μενῶ)
784 3231 789 3312 Ι
808 3237 833 3294 εἰ
854 3233 905 3294 καὶ
927 3232 962 3296 σὺ
978 3231 1115 3321 ἀφορμὴν
1131 3233 1205 3321 έμην
1219 3243 1318 3296 πᾶσαν
1333 3234 1421 3308 λύεις.
1736 3269 1743 3286 ·

405 3336 503 3415 Supra
517 3357 547 3415 p.
566 3340 602 3397 12
619 3343 680 3415 not.
697 3325 767 3398 add.⁸
788 3326 849 3408 νυξί
871 3339 935 3400 Nic.
951 3340 1035 3400 Dam.
1053 3343 1091 3400 39
1114 3360 1144 3418 p.
1164 3343 1233 3413 176,
1251 3343 1267 3400 2
1286 3340 1377 3400 West.
1414 3341 1458 3401 De
1480 3340 1543 3425 ἀρῶ
1559 3360 1589 3420 p.
1607 3344 1624 3401 9
1641 3341 1715 3402 dixit
1728 3327 1839 3402 Dares.
1855 3359 1893 3400 m.
1910 3357 1950 3399 cr.

321 3441 392 3498 419.
407 3442 478 3500 598.
509 3438 629 3500 Gratiae
646 3439 773 3516 denique
787 3441 860 3500 mihi
875 3441 1009 3518 agendae
1025 3447 1094 3502 snut
1108 3441 1330 3503 Hirschfeldero
1346 3444 1480 3520 collegae
1495 3445 1650 3505 carissimo
1667 3444 1718 3522 qui
1732 3443 1763 3502 in
1777 3442 1951 3520 typothetae

323 3541 403 3600 vitiis
419 3542 560 3603 tollendis
575 3560 622 3602 me
638 3543 782 3603 benevole
800 3543 923 3604 adiuvit.
