4575 6025
1121 465 1258 541 ,19

1134 568 1335 578 -ι--ι--ι

420 680 470 755 22,
488 682 516 740 7.
554 679 609 739 Vb.
633 680 690 737 aot.
713 681 923 760 συμπατεῖν
945 674 1067 735 aliunde
1087 692 1147 734 non
1167 674 1303 734 affertur:
1328 675 1378 745 28,
1396 678 1424 735 1.
1444 675 1519 748 117,
1536 675 1569 748 8,
1591 690 1717 749 quocum
1738 663 2046 740 contemnebaris.
2092 639 2095 757 3

420 778 603 867 σοναγγία
622 776 711 846 κοίλη
728 780 778 851 27,
795 780 812 837 2
829 796 890 851 ,vas
911 778 1080 855 aquarium,
1102 778 1233 837 dolium’.
1270 776 1402 835 Fuerunt
1416 778 1467 853 qui
1482 777 1647 852 cogitarent
1666 776 1703 835 de
1718 772 1892 861 συναγκείαε
1916 778 1969 837 ‘sed
1985 795 2046 837 ser·

419 904 536 947 monem
563 885 599 945 de
626 885 714 943 domo
743 898 810 943 esse
836 899 922 941 nemo
947 899 1007 939 non
1028 879 1109 939 videt
1132 875 1173 959 (4.
1198 874 1238 956 6).
1276 877 1335 939 Cur
1362 884 1460 939 autem
1480 879 1513 938 Il.
1533 878 1697 976 Schneider
1718 898 1747 957 p.
1768 880 1807 939 39
1836 877 1971 963 συνεχείᾳ
1992 879 2047 957 (sio

420 986 497 1065 Vat.)
515 989 660 1067 optimum
682 1003 803 1047 sensum
824 984 940 1045 efficere
962 983 1068 1043 dixerit
1088 1002 1147 1043 non
1169 984 1265 1058 magis
1286 982 1435 1059 perspicio
1456 1001 1545 1061 quam
1565 999 1616 1041 cur
1636 982 1736 1068 ἔπνιγε
1751 1000 1813 1042 aor.
1830 1000 1897 1043 esse
1913 990 2045 1056 autuma·
2096 1023 2098 1030 =

418 1094 506 1154 verit:
530 1092 639 1152 etenim
661 1088 751 1150 elficit
775 1086 1020 1165 amphibrachyn.
1045 1086 1080 1147 cl.
1102 1084 1175 1145 Lob.
1195 1084 1265 1145 Phr.
1287 1104 1318 1162 p.
1343 1088 1411 1145 107.
1435 1104 1463 1145 ν.
1487 1084 1600 1145 Knoch.
1621 1087 1671 1145 71.
1709 1086 1821 1146 Versus
1846 1091 1945 1147 autem
1967 1089 2047 1165 apud
2097 1116 2099 1146 ;

417 1197 451 1258 F.
470 1198 530 1258 355
549 1200 618 1274 post
632 1214 659 1254 v.
678 1194 695 1253 6
712 1192 831 1252 additur
846 1194 939 1274 κρεῶν
955 1182 1090 1273 ἀνέῳγες
1105 1190 1200 1273 ἄγγος
1215 1183 1294 1246 ὥστε
1309 1173 1451 1269 εεθνήξῃι
1474 1190 1503 1248 in
1525 1206 1583 1265 quo
1603 1188 1738 1267 ineptum
1753 1196 1800 1249 est
1814 1185 1892 1248 ὥστε
1907 1178 2046 1270 τεθνήξῃ,

417 1302 550 1378 ineptum
563 1318 589 1359 v.
603 1292 759 1382 ἀνοίγνυμι
771 1294 807 1355 de
819 1293 947 1354 mustela
961 1297 1145 1369 usurpatum,
1162 1291 1311 1352 soloeoum
1324 1292 1366 1369 pl.
1379 1285 1515 1376 ἀνέῳγας
1527 1308 1617 1352 sensu
1632 1292 1789 1353 transitIvo
1802 1292 1927 1352 dictum:
1944 1293 2048 1354 debuit
2099 1339 2101 1341 -

419 1408 498 1465 certe
514 1396 648 1485 ἀνέῳχας
663 1400 710 1461 vel
728 1394 871 1483 ἀνέῳγεςε
893 1396 945 1456 sed
961 1400 1094 1455 remanet
1109 1399 1291 1475 anapaestus
1306 1396 1336 1454 in
1353 1394 1484 1455 secunda
1498 1395 1599 1471 utique
1614 1411 1720 1456 versus
1736 1396 1821 1467 sede3
1837 1396 1952 1456 aceedit
1966 1398 2046 1473 quod
2100 1427 2102 1438 :

420 1512 490 1586 post
510 1506 692 1583 anaphoram
712 1494 942 1570 πάσας-πάντα
964 1482 998 1556 θέ
1020 1498 1161 1575 languide
1181 1498 1232 1557 ille
1254 1498 1419 1593 vzpdditur
1440 1502 1471 1557 et
1491 1497 1711 1575 oppositionem
1732 1499 1928 1575 interrumpit.
1966 1500 2045 1577 Ergo

325 1663 328 1673 .
418 1629 478 1671 non
494 1614 540 1670 est
554 1627 572 1667 a
587 1607 695 1667 BabrIo
713 1604 872 1683 proiectus,
888 1602 967 1679 quod
983 1602 1083 1663 Keller
1097 1622 1128 1679 p.
1146 1602 1206 1661 396
1222 1620 1280 1661 nou
1296 1600 1379 1660 vidit.
1403 1585 1617 1666 Συνθοίιλην
1633 1600 1704 1661 dicit
1719 1602 1871 1679 caprarius
1886 1602 2044 1663 blandiens

383 1742 386 1750 ·
419 1732 556 1791 capram,
578 1710 661 1769 cuius
682 1710 773 1768 cornu
793 1708 924 1781 fregerat
939 1708 972 1777 3,
990 1707 1018 1765 6.
1042 1690 1386 1785 συνεξαρείβεινίρθ,
1406 1706 1452 1762 15.
1476 1697 1689 1781 σιυνηβολέω
1706 1706 1755 1776 61,
1772 1708 1801 1765 3.
1824 1706 1861 1765 cf.
1882 1704 1955 1767 Lob.
1976 1706 2044 1766 Phr.
2103 1727 2105 1734 ²

418 1818 447 1894 p.
465 1818 535 1875 699.
559 1796 761 1881 ὑπεξέθυνε
777 1813 806 1881 4,
823 1812 858 1880 4,
880 1807 959 1886 quod
981 1808 1012 1866 ln
1026 1808 1046 1869 f.
1064 1810 1123 1868 263
1141 1806 1175 1866 Il.
1193 1826 1223 1885 p.
1243 1809 1300 1865 109
1318 1805 1480 1882 explicatur
1496 1791 1662 1889 θιέθρασαν.
1700 1801 1745 1886 (In
1760 1808 1817 1867 hac
1832 1813 1930 1867 autem
1944 1809 2047 1869 fabula
2104 1810 2106 1837 ί

418 1937 471 1997 pro
489 1902 609 1975 θίκτυον
626 1912 660 1973 ἐκ
674 1920 729 1982 τῆς
745 1906 896 1979 θαλάσσης
912 1906 1048 1986 ἐκβαλών
1069 1928 1127 1971 scr.
1144 1904 1212 1990 ἐπί).
1248 1908 1287 1968 Ιιι
1300 1910 1386 1986 epim.
1406 1909 1425 1967 l.
1442 1912 1461 1967 4
1478 1900 1552 1966 εἶναι
1567 1926 1626 1968 non
1641 1909 1679 1969 ad
1695 1895 1752 1978 ἔξω
1769 1909 1822 1970 sed
1837 1910 1876 1970 ad
1889 1906 1926 1969 τὸ
1942 1907 2045 1995 μικρόν

416 2022 518 2083 reterri
545 2026 575 2079 et
600 2018 676 2078 ratIo
702 1995 733 2075 et
758 2016 831 2085 112,
859 2016 896 2071 10
917 2014 1013 2086 iubet3
1039 2014 1138 2089 ltaque
1166 2030 1220 2090 pro
1246 2007 1379 2093 σωτηρία
1405 2010 1471 2071 fort.
1496 2029 1552 2071 sor.
1576 2007 1730 2094 σωτήριον.
1767 2004 1891 2081 Ἄλλους
1915 2009 2046 2090 βασιλεῖς

419 2110 570 2207 ὑπερέθιζε
586 2116 637 2178 καὶ
652 2113 730 2177 ποίει
743 2119 792 2191 95,
806 2118 844 2175 65
857 2116 930 2175 mire
946 2115 1077 2175 breviter
1092 2121 1122 2175 et
1136 2115 1271 2175 oratione
1286 2132 1367 2173 more
1379 2113 1651 2175 Alexandrinorum·
1662 2114 1792 2188 condita,
1808 2117 1892 2175 cuius
1908 2118 2045 2195 exempla
2107 2143 2110 2182 ι

417 2226 495 2285 inlra
509 2224 596 2301 plura
611 2221 778 2293 afferamus,
794 2219 905 2277 dictum
922 2224 968 2278 est
983 2236 1042 2277 una
1057 2236 1122 2277 cum
1139 2218 1277 2294 rhythmo
1293 2218 1462 2277 excitatiore
1479 2223 1511 2277 ut
1524 2218 1641 2278 autmus
1658 2218 1737 2277 cervi
1752 2219 1871 2294 penitus
1888 2227 2043 2296 permotus
2108 2212 2110 2247 ³

419 2327 612 2387 describatur.
658 2324 759 2400 Neque
782 2326 881 2381 tamen
908 2321 945 2380 de
967 2320 1132 2398 hyperbato
1156 2320 1203 2381 vel
1224 2319 1433 2379 Alexandrinis
1460 2321 1593 2381 inaudito
1617 2338 1682 2383 cum
1703 2319 1928 2382 Schneidewino
1955 2329 1986 2383 et
2008 2341 2044 2384 eo

417 2430 467 2507 qui
487 2430 546 2490 tab.
571 2446 652 2507 pros.
675 2428 734 2487 358
756 2424 823 2486 Cor.
841 2419 961 2504 (Halmii
978 2418 1050 2502 243)
1072 2423 1251 2501 conscripsit
1266 2423 1456 2498 cogitandum
1477 2418 1540 2483 est:
1563 2424 1614 2484 ille
1636 2424 1714 2484 euim
1738 2424 1819 2484 verb.
1845 2424 1979 2485 ordinem
2001 2428 2044 2486 sic
2111 2488 2113 2501 ¹

416 2534 545 2595 reddidit
561 2530 671 2601 ἄλλους
685 2526 761 2588 ποίει
777 2525 908 2607 βασιλεῖς
928 2524 979 2585 καὶ
995 2515 1114 2605 ἐρέθιζε.
1152 2527 1225 2587 Inde
1246 2527 1333 2586 simul
1354 2526 1486 2586 firmatur
1507 2527 1554 2586 vb.
1576 2514 1713 2610 ἐρεθίζειν
1734 2544 1829 2603 neque
1850 2528 1908 2587 nisi
1929 2530 2042 2605 gravis-

416 2638 498 2699 struis
522 2637 559 2696 de
581 2634 696 2695 caussis
717 2631 889 2691 mutandum
910 2649 986 2691 esse.
1025 2630 1155 2691 Cobetus
1182 2635 1278 2689 autern
1304 2631 1368 2690 sine
1388 2630 1478 2690 dubio
1500 2640 1611 2689 memor
1631 2630 1719 2689 etiam
1743 2632 1832 2702 61,5
1854 2619 1986 2713 ᾑρέτιζεν
2008 2651 2043 2692 ex

416 2726 549 2824 ἠρέθιζεν
569 2738 746 2798 eliciendum
766 2736 859 2795 luisse
879 2734 1069 2794 restituturus
1092 2738 1157 2793 erat
1178 2720 1321 2814 αἱρέτιζεε
1344 2734 1423 2811 quod
1445 2734 1493 2793 ub.
1518 2735 1591 2793 satis
1615 2733 1716 2811 inepte
1737 2750 1803 2792 cum
1823 2752 1851 2795 v.
1871 2731 1948 2792 ποίει
1972 2753 2042 2795 con-

416 2845 589 2919 iungeretur
611 2818 706 2917 neque
726 2838 947 2913 intellegeretur
967 2838 1044 2897 unde
1065 2833 1121 2895 ὑπό
1142 2855 1247 2915 praep.
1272 2843 1342 2895 nata
1364 2837 1411 2897 sit.
1449 2836 1589 2896 Sedenim
1611 2843 1701 2915 poeta
1724 2836 1775 2896 illo
1796 2837 1843 2897 vb.
1864 2825 2043 2919 ὑπερεθίζειν

416 2946 534 3024 egregie
556 2962 615 3023 qua
635 2943 741 3021 vulpes
762 2941 877 3000 ratione
899 2940 993 3017 egerit
1015 2939 1172 3013 describit3
1199 2940 1229 2998 in
1253 2940 1300 3000 rb.
1323 2945 1421 2999 autem
1443 2937 1521 2997 ποίει
1542 2939 1674 3017 fingendi
1696 2938 1842 3017 quaedam
1864 2941 2042 3016 significatio

415 3049 502 3110 inest.
526 3047 801 3131 ρηλαγρευσαῖς
819 3047 888 3118 107,
907 3047 944 3103 10
960 3043 1078 3102 Lachm.
1101 3063 1157 3121 pro
1173 3062 1201 3102 v.
1218 3041 1428 3128 ριλαγρεοταῖς
1442 3044 1586 3116 restituit,
1609 3061 1667 3121 quo
1688 3024 1813 3102 metrum
1834 3046 2039 3124 corrumpitur.

416 3151 537 3228 Sauppii
558 3151 593 3210 ci.
615 3147 666 3208 καὶ
688 3134 725 3216 θλ
747 3147 957 3232 ριλαγρευταῖς
979 3147 1082 3206 eodem
1105 3147 1177 3206 vitio
1197 3146 1321 3206 laborat.
1359 3146 1416 3206 Sed
1438 3165 1527 3223 quum
1549 3150 1577 3207 t.
1594 3145 1721 3230 ρηλαγρ.
1743 3145 1814 3206 alibi
1835 3165 1894 3205 non
1914 3147 2040 3224 legatur,
2105 3178 2108 3186 .

416 3253 611 3330 praeferenda
625 3253 740 3311 videtur
756 3250 880 3310 Seidleri
896 3268 951 3309 em.
969 3249 1218 3334 φιλαγρεοταῖσιν.
1241 3244 1406 3334 χέλυρινα
1424 3253 1493 3322 115,
1511 3252 1538 3308 5.
1556 3250 1575 3308 i.
1592 3269 1620 3327 q.
1636 3247 1761 3333 χελώνη.
1783 3243 1892 3331 χελύνη
1907 3247 2039 3327 Sappho.

415 3356 504 3416 ldein.
520 3359 550 3415 et
565 3353 615 3430 Sp.
632 3356 667 3413 oi.
683 3348 817 3436 χέλοννα.
833 3353 879 3414 Et.
897 3354 933 3412 ll.
952 3355 1023 3425 808,
1040 3354 1089 3412 28.
1106 3353 1143 3412 ol.
1161 3355 1211 3425 87,
1228 3356 1277 3411 33.
1294 3349 1499 3435 ὡρθμαντις
1518 3355 1586 3426 124,
1605 3356 1642 3412 15
1659 3353 1695 3412 ci.
1712 3358 1759 3414 est
1774 3353 1796 3413 Ι.
1814 3350 1850 3410 G.
1866 3350 2040 3413 Schneideri

414 3478 444 3536 p.
465 3460 523 3518 120
546 3457 611 3517 cod.
637 3456 701 3516 Vat.
736 3449 894 3538 ‹bpopuddu
916 3455 949 3514 F.
973 3457 1033 3514 369
1057 3455 1260 3527 emendantis;
1286 3450 1624 3538 6οἰι1.ὡρον6ρ.οςοιιο,
1653 3473 1716 3516 voc.
1734 3474 1803 3513 num
1830 3455 1896 3530 quis
1921 3461 2041 3531 praeter

414 3561 622 3622 Marathonem
645 3563 837 3637 personatum
858 3553 895 3633 (Γ
917 3561 945 3618 8.
969 3559 1038 3618 120.
1064 3561 1131 3618 133.
1161 3559 1244 3622 226.
1268 3561 1316 3618 69.
1340 3561 1389 3617 83.
1412 3560 1483 3616 200.
1505 3560 1576 3617 518.
1598 3561 1668 3618 536.
1693 3560 1762 3617 639.
1786 3558 1855 3616 717.
1878 3552 1972 3619 Α30.
1990 3560 2039 3618 90.

415 3667 486 3726 262.
509 3667 579 3726 282.
603 3665 673 3722 347.
697 3655 811 3720 Ε878.
835 3661 995 3744 ὡρονορεῒν
1009 3654 1035 3718 Γ
1052 3661 1079 3720 2.
1098 3662 1125 3719 7.
1144 3663 1214 3720 137.
1235 3664 1302 3720 147.
1327 3663 1395 3720 163.
1424 3663 1491 3720 168.
1515 3662 1585 3720 202.
1609 3665 1679 3720 348.
1701 3663 1772 3720 376.
1789 3662 1860 3720 484.
1878 3663 1949 3720 534.
1966 3663 2038 3720 563.

414 3770 485 3827 574.
509 3763 535 3824 Α
552 3769 601 3826 58.
624 3767 684 3825 339
706 3767 739 3823 ut
760 3762 908 3840 sIgnifioet
928 3764 1011 3826 sidus
1031 3764 1135 3851 horam
1158 3760 1277 3842 regens)
1297 3782 1370 3824 usus
1393 3764 1432 3823 sit
1452 3763 1562 3823 nescio.
1599 3763 1733 3840 Denique
1753 3763 1862 3822 addam
1883 3782 1911 3822 ν.
1927 3758 2039 3821 ἀσαίνω

414 3870 485 3929 mihi
500 3875 578 3929 recte
594 3868 632 3928 ab
649 3867 779 3928 Ahrente
796 3886 830 3927 ex
846 3867 973 3944 llesych.
991 3867 1159 3928 restitutum
1175 3884 1242 3927 ease
1258 3867 1351 3928 videri
1369 3869 1418 3937 84,
1436 3869 1452 3925 3
1470 3863 1520 3923 καὶ
1535 3862 1628 3925 σαίνω
1644 3861 1670 3924 Α
1687 3863 1738 3924 καὶ
1753 3863 1845 3924 κλίνω
1861 3866 1896 3924 V.
1931 3864 2039 3941 Quam·

415 3989 502 4048 quam
517 3970 647 4032 concedo
665 3963 733 4027 llll
748 3963 824 4027 lint
841 3961 901 4028 ΝΩ
916 3970 1068 4028 minimum
1084 3971 1192 4030 abesse
1207 3989 1225 4028 a
1240 3971 1346 4029 litteris
1361 3969 1444 4028 hisce
1460 3961 1529 4026 llll
1545 3962 1610 4028 cal
1624 3961 1692 4028 ΝΩ.
1715 3968 1809 4028 Simili
1824 3969 2039 4046 permutatione

414 4073 577 4132 litterarum
592 4067 620 4136 ,ll
639 4078 669 4132 et
682 4065 719 4132 le
734 4089 809 4148 quae
830 4072 888 4131 diei
909 4073 958 4132 vix
978 4078 1078 4151 potest
1097 4092 1184 4150 quam
1207 4075 1246 4133 sit
1266 4074 1370 4133 crebra
1385 4077 1541 4149 corruptus
1558 4077 1604 4131 est
1618 4071 1682 4131 Pol.
1697 4071 1809 4144 XVIII,
1829 4076 1842 4131 1
1861 4089 1892 4148 p.
1909 4073 1981 4145 865,
2001 4077 2037 4132 14

412 4175 467 4235 Blr.
490 4173 517 4232 οἱ
536 4163 681 4244 Ἕλληνες
703 4169 786 4257 μόλις
806 4173 906 4232 αὐτῶν
932 4181 1073 4258 κρατοῦσι
1093 4182 1154 4234 τῶν
1180 4180 1297 4260 σαρκῶν
1324 4173 1355 4234 ἐν
1374 4181 1439 4244 ταῖς
1459 4170 1601 4257 πορείαις,
1628 4173 1655 4232 οἱ
1675 4159 1709 4232 θὲ
1729 4166 1872 4258 'Populos
1894 4169 1964 4243 τοὺς
1985 4169 2038 4258 μὲν

379 4335 383 4345 ,
413 4271 532 4360 θυρεοὺς
553 4272 588 4334 ἐκ
606 4281 667 4333 τῶν
687 4273 778 4360 ὥρων
799 4263 1009 4358 ἐξηρτοκθτες,
1028 4284 1093 4347 ταῖς
1114 4263 1147 4336 δὲ
1167 4275 1263 4362 χερσὶν
1283 4273 1392 4346 αὐτοὺς
1405 4272 1475 4346 τοὺς
1491 4273 1611 4361 γαίσους
1625 4271 1763 4359 φέροντες
1778 4261 1968 4358 ἐπιδέχονται
1982 4273 2038 4343 τὴν

411 4365 621 4463 παρακομιδὴν
646 4384 700 4436 τοῦ
720 4375 863 4464 χάρακοςε
903 4385 1020 4462 σαρκῶν
1046 4381 1179 4457 ineptum
1201 4386 1263 4440 est:
1292 4381 1444 4456 aliquanto
1465 4379 1571 4439 melius
1598 4385 1644 4438 est
1665 4379 1806 4456 Seyboldi
1827 4384 1954 4437 σκευῶνε
1984 4381 2037 4440 sed

413 4501 497 4544 nemo
514 4487 585 4560 puto
600 4481 730 4542 monitus
745 4482 963 4542 adversabitur
974 4501 1021 4542 me
1042 4483 1140 4542 locum
1161 4483 1337 4542 emendasse
1353 4483 1465 4560 scripto
1481 4485 1635 4565 σαρισσῶν.
1659 4475 1671 4537 Ι
1686 4487 1716 4540 et
1730 4481 1753 4542 0
1768 4481 1941 4540 coaluerant
1954 4483 1984 4541 in
1999 4476 2036 4540 ll.

414 4583 508 4659 Quum
530 4586 687 4644 verborum
709 4585 796 4661 copia
816 4601 875 4660 qua
889 4583 989 4644 Eabrii
1011 4590 1094 4645 aetas
1117 4585 1339 4645 demonstratur
1357 4585 1467 4643 additis
1489 4585 1665 4660 scrIptorum
1687 4585 1856 4644 nominibus
1871 4591 1902 4644 et
1916 4585 1991 4645 locis
2006 4585 2037 4643 in

412 4687 588 4747 immensum
610 4685 737 4746 creverit
756 4705 815 4744 una
837 4705 901 4746 eum
924 4688 967 4746 eis
988 4705 1063 4763 quae
1085 4687 1121 4747 de
1143 4687 1412 4764 significatIonibus
1432 4687 1594 4747 immutatis
1614 4686 1756 4745 adnotari
1778 4688 1881 4746 omitto
1903 4687 1990 4764 plene
2006 4689 2036 4746 in

413 4789 632 4867 prolegomenis
656 4787 795 4848 editIonis
816 4790 945 4848 omnium
968 4790 1133 4850 fabularum
1153 4791 1359 4868 Aesopearum
1379 4788 1560 4849 Graecarum
1581 4805 1669 4865 quam
1691 4807 1763 4866 paro
1785 4789 1981 4849 exhibiturus:
2005 4791 2036 4849 in

412 4909 471 4968 qua
487 4897 517 4951 et
531 4898 689 4952 metrorum
701 4891 777 4953 ratio
790 4891 946 4952 habebitur
961 4899 991 4953 et
1002 4893 1192 4953 collectiones
1205 4892 1340 4968 singulae
1351 4898 1487 4952 accurate
1500 4891 1728 4969 distinguentur,
1740 4911 1799 4952 non
1812 4891 2035 4952 contundentur.

410 4995 475 5054 Iam
501 5011 571 5054 vero
597 4996 688 5056 verba
714 4999 828 5054 tantum
855 4994 922 5072 ipsa
940 4995 1089 5056 Babriana
1115 5013 1190 5073 quae
1217 4995 1277 5054 dixi
1298 4995 1492 5055 enumerabo:
1523 4994 1631 5054 deinde
1651 4995 1853 5073 exemplorum
1879 4994 1973 5054 instar
1999 4995 2035 5054 de

412 5096 587 5175 quibusdam
601 5097 701 5174 paullo
718 5098 811 5158 iustus
828 5097 1030 5176 disputabitur
1045 5098 1094 5158 ubi
1110 5099 1147 5158 ad
1160 5097 1323 5158 Rabrianas
1340 5099 1386 5157 vel
1402 5097 1478 5160 alias
1493 5097 1550 5158 lab.
1569 5097 1760 5188 explicandas
1775 5097 2034 5175 emendandosque

2103 1737 2106 1809 ρ

2104 1838 2107 1920 l

2105 1935 2108 2013 ρ
