4575 6025
1211 432 1256 500 97

2101 240 2104 351 i

2103 352 2106 454 ί

2104 475 2106 540 1

2105 547 2107 632 Ι

2106 635 2108 722 1

2107 725 2110 812 1

419 640 525 701 statuis
540 655 603 698 voc.
621 638 789 714 composita
805 654 930 713 quorum
944 636 1026 713 prior
1040 654 1111 715 pars
1128 632 1289 721 111ορος1
1305 638 1440 697 ι1116111
1460 654 1552 714 posse
1573 654 1638 697 eam
1654 656 1775 717 semper
1789 639 1913 717 produci
1923 646 1959 699 11
1973 640 2049 700 ratio

412 748 448 803 ’11
462 759 534 801 usus
549 740 660 801 iubent
701 739 796 799 Valde
812 748 911 798 autem
927 738 1030 799 dubito
1046 757 1117 798 num
1131 745 1212 800 recte
1227 740 1286 799 alio
1301 740 1389 801 modo
1405 740 1543 817 componi
1559 741 1657 816 possit
1672 760 1761 818 qnam
1776 747 1809 801 ut
1822 740 1902 801 fiat
1889 760 1922 824 ο
1924 758 1968 799 εσι
1984 741 2052 812 ὀρεσ

418 844 476 927 ὀρει
498 842 564 926 ὀρεο
586 840 730 902 deindo'
718 859 783 924 opo:
806 839 952 902 formae
939 859 983 922 ορι
1003 844 1143 919 correpta
1159 862 1167 899 ι
1181 861 1271 901 unum
1293 842 1373 919 quod
1394 841 1465 902 novi
1487 842 1653 917 exemplum
1670 835 1736 926 Op
1737 839 1849 925 βακρος
1870 860 1906 903 eo
1929 861 2051 903 excusa·
2108 829 2110 898 1

417 948 526 1007 tionem
542 945 634 1007 habet
649 944 729 1022 qnod
745 948 835 1021 potita
850 942 927 1021 Opp.
943 942 1011 1003 Hal.
1029 948 1056 1016 1,
1074 946 1113 1004 24
1130 941 1173 1021 (et
1187 944 1284 1022 qualis
1299 946 1402 1022 poeta!
1418 962 1446 1003 v.
1462 942 1562 1003 Herm.
1578 942 1671 1022 Orph.
1687 946 1758 1004 761.
1776 943 1847 1021 7631
1863 945 1923 1003 alia
1935 946 2050 1005 ratione
2110 917 2112 986 θ

416 1050 446 1108 in
462 1069 491 1109 v.
508 1048 628 1108 omnino
644 1046 790 1106 collocare
806 1062 867 1105 non
883 1046 995 1123 potuit,
1016 1046 1076 1106 nisi
1097 1045 1145 1106 vel
1161 1046 1218 1106 hoc
1232 1063 1299 1105 cum
1314 1044 1459 1105 Passovio
1475 1062 1533 1105 scr.
1551 1037 1737 1129 Ὀρόβακχος
1752 1046 1787 1106 11.
1802 1046 1875 1107 Lob.
1891 1046 1960 1107 Phr.
1979 1050 2050 1107 677.
2110 1021 2114 1159 ίφ

418 1153 489 1211 686.
517 1148 603 1209 Path.
630 1148 666 1209 11.
686 1152 712 1219 1,
728 1150 801 1207 473.
821 1149 890 1207 109.
915 1149 986 1208 988.
1004 1150 1074 1207 319.
1098 1148 1144 1207 Ε1.
1161 1148 1199 1207 Μ.
1215 1150 1292 1222 461,
1314 1150 1354 1207 94
1369 1164 1414 1223 sq.
1431 1152 1461 1206 et
1481 1147 1614 1225 saepius.
1650 1148 1684 1207 Β.
1705 1153 1785 1208 recte
1806 1148 1879 1208 dixit
1899 1146 2051 1235 ὀρείνομος
2112 1203 2114 1229 ,

418 1248 589 1336 ὀρείφοιτος.
626 1250 666 1309 111
680 1252 780 1310 autem
803 1250 834 1308 in
848 1250 906 1310 hoc
920 1268 985 1310 voc.
1001 1250 1035 1309 B.
1051 1267 1168 1311 errasse
1187 1250 1230 1309 ita
1248 1256 1328 1309 recte
1349 1266 1416 1309 enm
1437 1248 1548 1309 dixisse
1562 1241 1723 1315 ruodoldus
1740 1235 1831 1308 butro
1844 1256 1916 1327 puto
1932 1254 1982 1326 95,
1998 1254 2050 1325 90,
2112 1239 2116 1337 ⁴,

418 1352 498 1430 qnod
514 1352 594 1412 Suid.
611 1352 712 1412 affert:
742 1347 938 1417 Απαντοίην.
960 1344 1127 1421 πανθοίνοις
1140 1338 1300 1434 τραπέζαις
1314 1350 1393 1429 Οφρ.
1409 1350 1476 1411 Η11.
1493 1353 1522 1424 9,
1539 1352 1610 1410 991.
1633 1351 1706 1412 bob.
1722 1351 1792 1412 Phr.
1808 1354 1880 1412 499.
1896 1372 1960 1430 par.
1978 1356 2050 1415 465.
2114 1379 2118 1432 ι

417 1456 474 1515 Kn.
492 1459 552 1515 144
568 1446 735 1529 (πανθοινία
750 1454 816 1513 Ael.
832 1454 869 1513 N.
886 1453 946 1531 A).
970 1453 1074 1514 Utrum
1088 1446 1249 1519 πανθοίνην
1263 1473 1303 1513 an
1316 1450 1460 1520 παντοίην
1475 1455 1515 1513 sit
1529 1471 1587 1515 scr.
1603 1470 1620 1513 1
1635 1456 1784 1515 sententia
1804 1455 1913 1533 dispici
1934 1458 2049 1533 nequit:
2116 1481 2119 1522 ε,

418 1561 536 1635 potitam
551 1556 646 1632 magis
668 1555 754 1615 decet
774 1548 935 1621 castolona
957 1552 1005 1631 (11.
1022 1550 1119 1638 ἄωρον
1135 1550 1302 1614 ἐκπεσόντα
1319 1560 1374 1626 τῆς
1388 1552 1464 1638 ὥρης
1481 1557 1530 1628 19,
1546 1552 1588 1632 4).
1626 1554 1711 1630 Quod
1732 1574 1799 1616 cum
1814 1558 1844 1615 in
1860 1556 1968 1617 Suidae
1984 1559 2049 1618 cod.

417 1660 522 1733 fuerit,
547 1658 633 1718 facile
660 1663 760 1719 autem
785 1658 990 1734 intellegatur,
1016 1659 1067 1735 qui
1092 1658 1122 1717 in
1148 1654 1802 1734 1111111111.παντοίην111111111ρο1111111,
1829 1659 1966 1736 equidem
1991 1678 2051 1720 non

419 1761 550 1821 dubitem
569 1762 600 1820 in
620 1761 713 1821 verba
735 1760 769 1822 Β.
795 1761 938 1838 recipere.
976 1759 1052 1820 Nam
1074 1760 1104 1819 in
1125 1760 1222 1819 forma
1240 1759 1308 1820 fem.
1331 1760 1404 1819 nihil
1424 1765 1472 1820 est
1494 1760 1677 1820 offensionis.
1717 1758 1814 1834 Quare
1837 1766 1936 1821 autem
1957 1779 2050 1821 coena

418 1862 533 1923 dicatur
553 1854 699 1928 πανθοίνη
724 1844 890 1940 explicatur
909 1882 957 1923 vv.
979 1855 1140 1945 bophorum
1160 1856 1252 1920 πίνων
1274 1846 1406 1920 θάπτων.
1443 1848 1546 1930 Πέλυξ
1563 1864 1618 1934 64,
1635 1864 1653 1920 9
1678 1861 1786 1937 legitur
1809 1864 1840 1921 in
1859 1882 1887 1922 v.
1908 1882 1996 1941 quem
2015 1863 2049 1923 L.

416 1970 566 2042 tamquam
582 1983 618 2024 11
632 1964 692 2024 alia
705 1966 882 2024 recensione
897 1965 1045 2024 intrusum
1064 1964 1181 2023 uncinis
1195 1965 1325 2024 inclusit.
1362 1963 1464 2024 Fixius
1479 1982 1495 2024 e
1511 1962 1535 2022 F
1552 1965 1612 2024 268
1636 1962 1798 2046 μνησθεῖσα
1817 1969 1879 2021 τῶν
1899 1961 2050 2023 πελέκεων

420 2064 471 2124 καὶ
485 2062 610 2149 πριόνων
626 2070 688 2123 τῶν
703 2061 750 2123 ἀεί
766 2083 799 2124 σε
813 2064 983 2149 τεμνόντων
999 2083 1056 2125 scr.
1072 2070 1134 2122 τῶν
1148 2062 1274 2148 πριόνων
1289 2060 1526 2143 postmittatur
1542 2054 1686 2143 supplens
1700 2083 1746 2123 τε.
1781 2065 1922 2127 Similiter
1936 2067 2051 2128 Seidler

420 2170 515 2227 verba
529 2167 728 2228 constituebat
741 2172 802 2225 τῶν
817 2163 943 2251 πριόνων
957 2185 992 2225 τε
1006 2172 1068 2225 τῶν
1083 2164 1130 2226 ἀεί
1145 2186 1180 2226 σε
1194 2162 1364 2250 τεμνόντων
1378 2164 1429 2225 καὶ
1443 2171 1504 2224 τῶν
1518 2162 1669 2225 πελέκεων
1689 2172 1750 2224 τῶν
1766 2164 1812 2225 ἀεί
1827 2186 1860 2226 σε
1875 2165 2051 2227 κοπτόντων

423 2275 453 2328 11
468 2270 511 2329 sic
525 2268 559 2329 B.
576 2270 602 2329 si
616 2286 676 2328 non
691 2286 796 2329 revera
812 2270 933 2346 scripsit
947 2270 1077 2331 scribere
1093 2272 1198 2347 potuit.
1234 2270 1314 2329 Illud
1330 2266 1391 2353 εἰμί
1406 2275 1504 2329 autem
1519 2289 1548 2330 v.
1565 2273 1583 2329 5
1600 2271 1736 2347 egregrie
1752 2272 1923 2347 superbiam
1939 2270 2051 2331 indicat

421 2371 520 2430 futura
539 2375 689 2448 tamquam
718 2373 777 2431 iam
801 2371 945 2431 adessent
967 2374 1148 2448 cogitatione
1170 2372 1391 2450 praecipientis.
1415 2391 1443 2432 v.
1462 2374 1480 2431 6
1503 2366 1656 2430 τοσούτων
1680 2373 1846 2432 rectissime
1873 2373 2052 2433 dictumest
2126 2429 2127 2432 ,

421 2490 516 2549 neque
532 2464 671 2550 opus'est
687 2475 724 2533 ci.
742 2493 761 2533 a
776 2474 927 2534 nonnullis
943 2476 1099 2551 proposita
1113 2472 1250 2551 τοσούτῳ
1266 2492 1342 2551 qnae
1365 2479 1395 2533 et
1409 2474 1557 2535 sententia
1571 2492 1631 2533 non
1647 2475 1770 2533 multum
1785 2476 2006 2535 commendatur
2020 2482 2051 2536 et

419 2574 504 2634 hiatu
518 2574 672 2635 refellitur.
686 2606 726 2617 -
739 2568 891 2659 Λιμνάσιν
907 2569 1033 2646 αἰθυίαις
1047 2578 1074 2636 Α
1090 2571 1159 2654 (sic)
1176 2578 1246 2649 115,
1265 2580 1296 2637 1:
1318 2596 1357 2637 m.
1374 2596 1419 2654 pr.
1435 2577 1465 2636 in
1480 2594 1574 2651 marg.
1590 2594 1647 2636 scr.
1663 2572 1821 2658 λιμναίαις.
1843 2578 1892 2646 94,
1909 2581 1926 2637 3
1943 2578 2051 2653 legitur

419 2672 571 2759 λιμναίους
590 2672 708 2761 χοροόςε
738 2676 771 2737 Β.
795 2696 826 2735 αι
846 2696 906 2737 non
933 2679 1082 2756 corripere
1107 2679 1251 2739 vidimus:
1278 2684 1403 2756 utroque
1423 2679 1488 2739 loco
1516 2684 1689 2755 comparato
1717 2678 1876 2737 verisimile
1902 2661 2051 2739 videbitur

419 2778 544 2838 formam
563 2780 703 2867 usitatam
724 2778 877 2862 λιμναῖος,
904 2796 991 2855 quam
1012 2780 1151 2839 librarius
1172 2781 1386 2853 etiam115,l'
1406 2780 1579 2857 adscripsit,
1606 2780 1727 2840 rarioris
1750 2780 1848 2840 locum
1874 2780 2048 2840 obtinuisse.

418 2878 524 2957 Itaque
541 2882 624 2954 94,3
646 2900 706 2941 non
727 2899 793 2940 cum
817 2877 1114 2963 Α11111111λιμνίους,
1141 2900 1205 2942 voc.
1228 2884 1302 2942 satis
1325 2882 1463 2958 dubium,
1489 2882 1543 2943 sed
1567 2900 1633 2942 oum
1654 2882 1774 2942 Lachm.
1796 2866 1943 2965 λιμνάθας
1962 2883 2049 2942 resti-

419 2980 560 3042 tuendum
577 3000 645 3043 esse
661 3001 779 3046 censeo.
803 2982 830 3042 λ.
846 2979 957 3068 νύμφαι
972 2984 1095 3044 Theocr.
1113 2986 1141 3058 5,
1161 2986 1208 3044 17.
1245 2984 1281 3044 In
1297 2984 1401 3045 eadem
1415 2984 1474 3046 fab.
1491 2986 1557 3063 ped.
1574 2984 1603 3046 H
1621 2982 1682 3044 171.
1706 2974 1844 3054 ὁἭλιος
1858 2988 1958 3044 πᾶσαν
1974 2979 2048 3051 ὕλην

421 3071 610 3168 ἀποξηραίνει
630 3103 687 3146 scr.
710 3081 865 3148 1111λόνε
888 3087 992 3147 vitium
1008 3092 1103 3147 ortum
1124 3087 1271 3148 itacismo.
1308 3081 1563 3170 Σφαλείς107,
1583 3092 1618 3147 11
1642 3089 1711 3148 ferri
1732 3105 1794 3146 non
1813 3093 1913 3164 potest
1934 3089 2005 3165 quia
2020 3095 2050 3147 et

418 3187 617 3264 praecedente
637 3177 807 3254 ἐδικτυώθη
828 3189 931 3249 inutile
953 3196 1073 3249 estnec
1095 3189 1254 3267 quicquam
1275 3190 1367 3250 exiis
1388 3207 1463 3266 quae
1479 3195 1642 3267 sequuntur
1657 3207 1692 3250 eo
1707 3190 1842 3250 refertur.
1879 3189 2049 3267 Requiritur

419 3295 517 3376 antem
532 3296 566 3348 ut
580 3289 716 3358 narretur
732 3308 791 3368 qua
804 3293 920 3352 ratione
936 3292 1053 3352 vinctus
1070 3292 1118 3352 sit.
1153 3290 1240 3366 Quod
1255 3296 1472 3371 perspexerunt
1486 3291 1603 3351 Ahrens
1619 3292 1669 3367 qui
1685 3292 1721 3351 ci.
1737 3289 1901 3374 κάσφαλῶς
1916 3298 1946 3351 11
1961 3292 2048 3352 blein.

418 3393 467 3469 qui
484 3411 542 3452 scr.
559 3390 699 3473 σφαλοῒςε
722 3400 754 3452 at
773 3393 831 3453 hoc
845 3411 904 3453 non
921 3393 1019 3470 signif.
1035 3394 1175 3470 laqueum
1193 3394 1247 3453 sed
1262 3395 1439 3474 compedum
1456 3411 1550 3471 genus
1566 3394 1613 3452 vel
1628 3394 1729 3471 potius
1746 3395 1887 3454 codicem.
1926 3393 2002 3452 Poll.
2020 3396 2048 3465 8,

419 3487 1780 3656 79.Η11ρ111.Ι)ο1).ν1111.976,5.8111ουωίηθ9811ςα111ωλληφθεὶςὐπότινων
1804 3500 1941 3579 κυνηγῶν
1961 3490 2048 3573 κάλῳ

418 3581 1984 3680 ὲπεδέθηρδέντινι11111514111116)1ω1εσι.ω111111111ρωωῐωιωι.11ρρ’ρο;σχι
2006 3599 2049 3658 ibi

417 3705 472 3759 art.
494 3716 554 3759 non
573 3699 670 3775 magis
691 3700 880 3760 necessarius
902 3706 948 3761 est
969 3702 1092 3776 qnam2
1113 3706 1169 3758 τοῦ
1189 3697 1289 3784 μόρου
1312 3721 1340 3762 1.
1358 3704 1446 3779 8pro
1466 3694 1522 3784 χάρ
1508 3718 1550 3784 ριν
1570 3691 1652 3766 θήσω
1672 3699 1957 3759 emendandnmt
1910 3705 1957 3759 est
1974 3696 2048 3758 τίσω

415 3807 448 3860 ut
468 3803 523 3874 97,
547 3804 576 3861 3.
603 3819 632 3861 v.
650 3803 667 3860 9
688 3808 787 3862 autem
807 3802 913 3862 melius
935 3819 1022 3879 quam
1042 3807 1160 3885 παρῆκε
1180 3809 1262 3864 esset
1282 3801 1381 3886 ἀφῆκε
1401 3808 1434 3862 nt
1451 3805 1499 3872 19,
1517 3805 1535 3862 8
1552 3793 1687 3868 ἀπῆλθεν
1707 3819 1766 3860 non
1788 3793 1953 3884 παρῆλθενε
1979 3821 2048 3862 nam

416 3919 474 3962 uon
489 3904 643 3981 praeteriit
658 3903 713 3964 aed
728 3903 810 3964 abiit.
848 3904 892 3964 De
911 3907 981 3977 130,
1001 3908 1038 3964 14
1055 3889 1185 3988 θρηστήρ
1200 3903 1313 3983 λῃστής
1332 3905 1392 3972 dixi
1413 3903 1484 3965 Obs.
1501 3904 1565 3964 Pol.
1584 3908 1619 3962 11
1631 3924 1638 3979 ;
1652 3903 1730 3964 adde
1745 3904 1803 3980 Ap.
1820 3903 1875 3963 Rh.
1891 3898 1926 3976 Γ,
1943 3907 2004 3964 700
2021 3923 2046 3964 1.

418 4003 510 4064 schol.
531 4001 619 4088 όχλος
640 4001 770 4091 ἀγρότης
794 4009 849 4080 34,
869 4013 895 4066 1.
919 4005 1030 4089 ἔλαφος
1050 4000 1197 4090 κεράστης
1211 4011 1268 4080 43,
1289 4012 1314 4066 l.
1339 4009 1388 4082 93,
1405 4009 1433 4066 9.
1465 3991 1652 4088 δικαστήρων
1671 4001 1820 4088 γερόντων
1839 4010 1908 4079 118,
1925 4010 1954 4066 3.
1978 3992 2047 4064 duo-

417 4110 514 4188 κτῖιρα
532 4103 622 4166 λόκον
642 4111 711 4182 130,
731 4112 769 4168 14
791 4102 842 4187 (cf.
867 4108 940 4168 Call.
962 4110 1026 4168 Art.
1049 4111 1120 4170 207.
1144 4110 1246 4186 Antip.
1268 4108 1441 4182 Sid.64,1.
1463 4108 1530 4169 Ael.
1551 4107 1586 4169 V.
1607 4107 1645 4168 H.
1665 4111 1713 4180 14,
1730 4102 1792 4184 46).
1809 4109 1845 4166 cl.
1863 4110 1913 4182 95,
1930 4111 1958 4168 8.
1977 4112 2047 4182 131,

415 4207 444 4268 8.
463 4210 512 4282 74,
531 4211 559 4268 6.
578 4212 647 4282 118,
665 4214 692 4270 3.
722 4197 799 4280 κη’ϋξ
820 4206 976 4294 ἀγρώστης
1001 4214 1109 4286 115,9
1132 4206 1201 4290 (Qui
1221 4212 1251 4270 h.
1267 4211 1287 4271 l.
1308 4216 1338 4271 et
1358 4212 1395 4270 ab
1421 4211 1488 4271 aliis
1510 4211 1733 4286 distinguuntur
1759 4203 1849 4292 λάρος
1875 4215 1905 4268 11
1930 4197 2006 4278 adol,
2027 4229 2046 4269 a

413 4310 521 4371 Tzetze
547 4309 586 4370 ad
605 4310 675 4388 Lyc.
703 4313 826 4373 eaedem
851 4331 923 4374 aves
948 4331 1016 4374 esse
1042 4314 1194 4374 dicuntur:
1217 4313 1336 4374 videtur
1355 4314 1485 4391 corylum
1504 4319 1535 4373 et
1558 4313 1735 4390 halcyonem
1761 4312 1996 4389 permutavisse,
2016 4331 2045 4372 ν.

412 4412 472 4472 Iac.
493 4413 559 4472 Ael.
582 4413 618 4472 N.
635 4414 671 4474 A.
689 4417 716 4487 7,
737 4412 774 4474 17
797 4434 827 4493 p.
846 4417 916 4475 259.
944 4409 1036 4498 λάρον
1056 4415 1135 4494 Opp.
1156 4416 1198 4476 11.
1217 4417 1245 4487 2,
1262 4418 1281 4474 4
1302 4420 1402 4475 narrat
1421 4421 1483 4484 τοῖς
1503 4407 1666 4497 ἀνθρώποις
1685 4406 1758 4472 εἶναι
1778 4411 2046 4496 προςφιλέστατονε

414 4533 470 4592 quo
493 4515 513 4576 1.
539 4533 599 4576 non
621 4533 726 4577 vereor
753 4535 791 4578 ne
817 4518 883 4594 quis
909 4518 1048 4578 abutatur
1074 4519 1113 4578 ad
1137 4517 1355 4578 defendendam
1379 4517 1556 4595 scripturam
1578 4515 1683 4594 Tymn.
1705 4519 1740 4589 3,
1763 4519 1791 4576 3.
1815 4517 1852 4574 A.
1872 4515 1905 4574 Ρ.
1930 4519 1963 4586 7,
1987 4518 2044 4574 199

360 4665 363 4671 .
413 4610 564 4696 ἡρπάσθης
580 4614 648 4692 φίλε
663 4613 752 4702 λάρει
779 4606 1190 4702 λάρε’116111ρρ11111111111111,
1211 4621 1372 4697 requiritur
1389 4620 1564 4680 trochaeusr
1586 4620 1686 4696 itaque
1702 4618 1875 4696 scripserim
1890 4614 1957 4699 φίλε
1972 4612 2046 4700 λαρέ

412 4717 431 4776 i.
449 4736 474 4778 1.
490 4722 599 4791 ,suavis
614 4716 742 4799 amice'.)
780 4721 926 4800 Pleraque
949 4729 1049 4783 autem
1071 4723 1193 4783 nomina
1213 4724 1251 4783 ab
1266 4722 1476 4782 Alexandrinis
1496 4722 1623 4784 formata
1637 4721 1667 4778 in
1683 4739 1739 4801 τηρ
1755 4726 1869 4780 exeunt.
1908 4718 2044 4779 Ceterum

411 4819 442 4878 in
457 4820 477 4880 f.
496 4825 565 4894 130,
582 4827 601 4883 4
617 4841 672 4901 pro
688 4823 743 4883 1111.
759 4819 943 4905 περισσεόσει
964 4825 1043 4902 quod
1060 4826 1109 4902 qui
1125 4825 1332 4902 explicandum
1348 4825 1388 4884 sit
1402 4824 1504 4883 nescio
1519 4841 1586 4882 cnm
1601 4821 1697 4882 Corae
1712 4839 1811 4898 praes.
1827 4821 2045 4880 restituendum

412 4939 479 4982 esse
500 4942 617 4985 censeo.
655 4925 760 5002 Neque
780 4926 877 5001 magis
899 4927 1020 5003 probari
1042 4932 1114 5003 puto
1134 4922 1250 5002 βοτάνη
1271 4922 1351 5009 ὀρείη
1372 4925 1620 5004 praecedentibus
1641 4942 1689 4983 νν.
1707 4920 1738 4980 ἐν
1759 4919 1852 5004 ὄρεσιν
1874 4915 1997 4990 εόθαλὲς
2017 4919 2047 4978 τί

411 5030 566 5108 paredrum
586 5026 610 5086 F
626 5027 737 5110 duperia:
762 5029 882 5104 egregie
897 5027 1048 5105 Hauptius
1070 5029 1198 5088 correxit
1217 5023 1306 5110 ἀραιή
1321 5034 1354 5088 ut
1371 5031 1440 5102 108,
1458 5031 1486 5088 6.
1524 5025 1607 5102 Quae
1623 5025 1790 5086 emendatio
1806 5024 1896 5085 finem
1910 5027 2046 5102 imponat

411 5129 661 5189 commentationi.
699 5128 790 5190 Fines
812 5131 891 5190 enim
917 5131 1122 5208 praescriptos
1144 5130 1218 5196 mihi
1241 5131 1301 5189 iam
1322 5138 1512 5207 transgresso
1541 5128 1765 5188 subsistendum
1793 5134 1849 5186 est.
1886 5126 1991 5202 ltaque
2018 5127 2044 5184 si
