4575 6025
1211 549 1232 618 7

2052 240 2056 311 'p

2053 324 2057 373 l

2055 374 2058 419 l

2056 420 2060 503 l

2058 512 2062 597 l

2060 598 2064 676 l

2061 678 2065 723 1

407 766 464 825 Ubi
486 782 550 825 νοο.
571 762 670 839 disyll.
691 761 740 821 vel
756 758 896 837 polysyll.
924 757 1028 816 ultimo
1051 759 1097 814 est
1111 754 1195 826 loco,
1216 755 1313 815 rarius
1333 761 1402 815 ante
1422 755 1443 815 l.
1459 761 1531 815 mut.
1554 761 1584 816 et
1602 756 1674 833 liqu.
1695 744 1757 827 εῖζ
1771 758 1803 816 in
1822 758 1920 818 medio
1936 759 2041 819 vocab.
2063 728 2068 849 1

408 868 520 928 vocalis
536 866 710 941 corripitur:
735 864 791 935 42,
810 865 824 919 1
843 854 980 943 λαμπρθν
997 851 1087 927 θύσας
1102 857 1213 916 dudum
1229 875 1319 917 corr:
1341 852 1445 915 τέκνον
1460 853 1549 915 σώσει
1565 861 1619 932 78,
1635 862 1669 917 4:
1691 860 1720 918 in
1741 864 1860 937 promtu
1883 866 1965 921 esset
1977 878 2042 921 cor·
2065 850 2070 941 1

407 971 503 1045 rigere
525 962 622 1036 τέκος.
643 960 753 1046 λύχνου
775 966 893 1045 πνεῦμα
912 963 1036 1033 114,·6;
1059 960 1217 1019 verborum
1241 959 1315 1019 ordo
1336 960 1438 1019 luerit:
1465 964 1583 1042 πνεῦμα
1603 955 1687 1037 βαιθν
1707 949 1743 1025 ἦν
1765 956 1884 1045 λύχνου.
1921 963 1963 1022 Ειι
1983 964 2044 1022 alia
2068 943 2072 1038 i

406 1071 580 1131 recensione
605 1088 632 1127 v.
658 1070 794 1127 seruatus
819 1069 866 1125 est
889 1069 974 1146 φαῖνε
999 1057 1089 1146 λύχνε
1115 1059 1168 1131 καὶ
1195 1058 1272 1146 σίγα.
1309 1061 1441 1138 Utroque
1465 1062 1554 1122 modo
1577 1063 1781 1123 etiemtroch.
1803 1064 1834 1123 in
1860 1070 1990 1125 extremo
2014 1084 2041 1124 ν.
2070 1045 2075 1155 1

407 1172 528 1233 tollitur.
566 1164 684 1229 Eodem
700 1168 830 1228 remedio
847 1171 991 1227 sanentur
1010 1168 1085 1238 131,
1103 1166 1120 1223 2
1143 1156 1293 1247 εὐρύθμως
1313 1150 1420 1233 παῖζον
1440 1164 1509 1223 eci.
1547 1163 1674 1224 Seidleri
1693 1170 1724 1225 et
1737 1165 1864 1226 Nauckii
1885 1169 2043 1227 verborum

408 1275 480 1335 sede
503 1277 617 1333 mutata
636 1258 744 1341 παῖζον
766 1260 926 1351 εὐρύθμως.
964 1266 1069 1326 Restat
1085 1267 1174 1337 23,1
1203 1260 1320 1348 μακρὰν
1340 1260 1427 1331 ύληνι
1455 1264 1493 1325 de
1514 1283 1572 1343 qno
1593 1266 1809 1327 infradicetnr.
1845 1268 1941 1345 Epim.
1959 1270 2044 1342 52,8

408 1360 535 1457 ὡσπερεὶ
551 1370 673 1457 κάμνων
689 1366 779 1439 αύτύς
794 1388 853 1433 non
869 1373 951 1429 esset
966 1367 1202 1439 sollicitandum,
1223 1367 1249 1425 si
1269 1367 1299 1424 in
1316 1366 1381 1426 cod.
1398 1366 1562 1443 legeretur:
1589 1367 1649 1427 iam
1663 1386 1734 1429 vero
1750 1368 1875 1428 maxime
1891 1370 2046 1447 probabile

410 1480 485 1537 duco
503 1474 582 1555 quod
598 1456 632 1534 ci.
648 1474 704 1534 Db.
722 1468 819 1553 ὥσπερ
836 1464 926 1539 αὐτὸς
942 1470 969 1527 ei
982 1462 1099 1551 κάμνοι.
1135 1468 1395 1545 Polysyllaborum
1411 1469 1547 1546 exempla
1562 1465 1764 1553 ἑβλασφήμεις
1780 1468 1830 1544 89,
1847 1467 1931 1546 41ο1.
1948 1474 1998 1547 96,
2015 1467 2045 1552 2)

408 1563 659 1646 λεονανθιζούσας
674 1576 724 1647 22,
741 1577 769 1633 9.
787 1576 846 1657 45,
860 1576 887 1631 3.
912 1557 1136 1655 ἀντιζωγρήσας
1160 1572 1290 1643 107,15
1311 1570 1420 1630 Bebrio
1440 1570 1600 1631 tribuenda
1620 1588 1687 1632 esse
1708 1572 1855 1632 videntur.
1882 1573 1978 1649 Epim.
1996 1576 2046 1649 82,

409 1682 601 1753 9.107,18.
639 1676 708 1737 Alia
728 1693 792 1735 νοο.
815 1674 904 1735 Babr.
925 1675 967 1733 ite
988 1652 1153 1733 colloeasse
1174 1676 1207 1731 nt
1226 1672 1256 1732 in
1279 1673 1382 1748 quinta
1404 1672 1477 1731 sede
1498 1672 1668 1751 spondeum
1688 1673 1814 1749 syllabis
1835 1679 1943 1734 nature
1956 1694 2046 1753 qnam

411 1784 512 1841 dicunt
527 1780 625 1855 longis
640 1778 771 1838 efficiant
785 1795 844 1837 non
861 1776 959 1835 credo.
997 1774 1046 1833 Pr.
1067 1778 1093 1848 1,
1110 1778 1126 1833 3
1145 1765 1272 1857 ἐγενήθη
1287 1769 1414 1856 χαλκείη
1430 1780 1460 1833 οῖ
1478 1780 1504 1846 1,
1520 1779 1540 1835 4
1556 1767 1639 1833 θεῖαν
1659 1771 1765 1855 ἡρώων
1784 1776 1815 1835 in
1834 1776 1901 1837 loco
1921 1779 2047 1838 maxime

410 1884 527 1943 turbato
552 1882 673 1956 legitur:
695 1880 754 1939 hoc
776 1884 877 1938 tamen
899 1876 986 1937 facile
1009 1882 1055 1936 est
1077 1878 1211 1935 correcto
1234 1860 1310 1933 θῖαν.
1335 1894 1380 1952 pr.
1404 1880 1436 1949 1,
1461 1878 1498 1935 15
1520 1875 1606 1957 ἡμῶν
1627 1870 1782 1935 Αἰσώποοε
1805 1876 1956 1939 Seidlerns
1977 1876 2048 1963 ἡμὶν

411 1986 490 2064 quod
517 1984 598 2063 apud
617 1984 706 2043 Babr.
727 1986 831 2057 utpote
852 1998 945 2058 saepe
966 1980 997 2039 in
1019 1962 1150 2039 extremo
1171 1969 1201 2038 ν.
1222 1978 1397 2038 collocatum
1418 1978 1525 2038 melius
1547 1978 1686 2039 scribitur
1704 1979 1754 2039 hic
1768 1968 1862 2064 ἧμιν,
1888 1980 1919 2040 in
1940 1982 2047 2041 ceteris

410 2082 629 2171 1οοίεῆμιν(ν.
646 2084 804 2160 Lehrsqu.
822 2100 869 2160 ep.
886 2102 915 2159 p.
934 2064 994 2153 124
1009 2078 1160 2157 aliosque)
1176 2098 1221 2157 pr.
1241 2084 1268 2154 1,
1287 2083 1322 2139 11
1340 2076 1487 2164 γεωργύν,
1509 2081 1588 2157 qnod
1604 2081 1660 2141 Db.
1678 2081 1713 2140 ci.
1734 2080 1903 2155 invenerat,
1928 2083 1960 2142 in
1980 2084 2048 2144 cod.
2094 2139 2096 2147 .

411 2191 438 2249 A
453 2190 573 2265 legitur.
592 2190 619 2259 6,
640 2188 677 2247 15
700 2174 794 2263 diste:
822 2184 922 2244 Baiter
945 2183 1093 2260 ceterique
1115 2199 1190 2241 corr.
1213 2167 1282 2257 ὀὶέῃ
1300 2184 1329 2253 7,
1347 2183 1395 2241 15.
1411 2200 1471 2241 non
1486 2175 1673 2259 ἠβουλήθην,
1695 2182 1748 2242 sed
1764 2179 1807 2260 ἑβ.
1823 2189 1853 2243 οῖ
1865 2184 1924 2243 1ιοο
1937 2184 2003 2245 1οοο
2019 2190 2050 2245 et
2096 2223 2098 2244 ι

415 2295 485 2364 111,
506 2295 519 2349 l
538 2290 618 2349 inest
631 2288 663 2347 in
678 2288 721 2360 A;
745 2288 819 2359 124,
840 2288 876 2345 12
893 2280 941 2362 η’β.
959 2284 993 2343 F.
1013 2286 1061 2359 17,
1079 2285 1096 2343 6
1112 2270 1224 2353 ζῶντος
1237 2282 1266 2341 A
1280 2282 1372 2347 habet
1391 2301 1450 2342 non
1466 2289 1549 2359 post,
1570 2284 1623 2344 sed
1639 2289 1709 2343 ante
1724 2279 1863 2366 αἰλούρου
1880 2289 1930 2361 33,
1947 2288 1976 2346 2.
2012 2286 2049 2346 In

413 2394 439 2451 A
460 2392 540 2450 inest
559 2409 618 2450 non
640 2384 716 2447 νειὸν
737 2388 790 2449 sed
813 2381 887 2447 νέον.
906 2390 934 2459 3,
955 2390 1002 2445 13.
1027 2386 1141 2461 12,16.
1166 2386 1283 2456 26,10·
1309 2386 1359 2456 70,
1376 2386 1405 2444 2.
1429 2386 1479 2456 97,
1497 2387 1524 2443 6.
1546 2380 1597 2459 98,
1611 2388 1643 2446 ,6.
1665 2388 1735 2458 103,
1752 2390 1780 2447 4.
1804 2389 1874 2461 112,
1890 2390 1919 2446 5.
1943 2390 2046 2461 123,1
2100 2399 2103 2452 3

414 2492 527 2553 dudum
552 2509 626 2551 corr.
651 2495 729 2549 sunt.
753 2492 809 2562 39,
834 2492 852 2548 4
875 2482 1017 2573 εἰρηνεύοι
1039 2488 1070 2546 in
1092 2486 1112 2545 l.
1137 2486 1245 2561 legitur
1264 2491 1325 2545 tam
1349 2486 1416 2545 exili
1433 2492 1466 2545 ut
1486 2487 1529 2546 sic
1549 2486 1692 2547 aBebrio
1712 2488 1877 2565 profectam
1898 2506 1966 2549 esse
1988 2508 2049 2549 non
2102 2481 2105 2520 ’-

413 2594 549 2667 credam3
572 2594 640 2652 fort.
663 2593 766 2669 glossa
786 2595 842 2651 est.
866 2594 916 2663 40,
934 2594 962 2651 4.
979 2590 1006 2649 Α
1021 2592 1101 2648 recte
1123 2580 1236 2648 ὄπισθε.
1260 2590 1315 2660 46,
1332 2590 1349 2646 7
1372 2588 1615 2665 corruptissimus
1637 2577 1699 2661 est,
1719 2590 1747 2650 si
1767 2583 1856 2650 modo
1871 2590 1973 2651 Babrii
1993 2598 2048 2651 est.

414 2699 464 2766 57,
482 2700 500 2754 4
517 2687 694 2777 ἀνθρώπωνε
711 2712 803 2772 supra
818 2693 935 2753 restitui
951 2687 1042 2750 ὤνων.
1062 2692 1111 2763 65,
1131 2694 1143 2748 1
1163 2690 1246 2749 locus
1262 2706 1350 2765 quam
1364 2690 1492 2749 maxime
1507 2691 1624 2751 dubius.
1650 2693 1699 2765 70,
1716 2693 1734 2751 6
1750 2687 1852 2761 πόλεις
1865 2687 1921 2762 τοὶς
1936 2686 2050 2776 ἀνθρώ-

412 2815 492 2855 πων;
515 2795 588 2857 ordo
609 2796 769 2856 verborum
790 2794 871 2854 idem
892 2800 939 2853 est
959 2796 1013 2865 97,
1031 2795 1048 2852 2
1066 2789 1156 2876 μητρὶ
1170 2797 1211 2870 τῇ
1226 2783 1311 2850 θεῶν.
1348 2790 1407 2851 Sed
1430 2797 1549 2869 praeter
1564 2793 1737 2869 'spondeum
1760 2793 1819 2852 elia
1841 2812 1959 2871 quoque
1980 2802 2051 2855 sunt

414 2916 491 2975 quae
506 2898 571 2957 iu‘re
587 2897 754 2956 offendant:
777 2888 847 2959 ἔθνη
871 2900 1006 2971 correpta
1021 2894 1127 2971 priori,
1148 2889 1227 2977 ύβρις
1244 2893 1391 2970 producta
1409 2893 1527 2969 ultima,
1549 2892 1716 2980 προςμλᾶν
1736 2895 1879 2956 irridendi
1900 2896 2050 2973 significa·
2112 2909 2115 2953 1

414 3002 495 3060 tione
516 2999 643 3077 dictum,
665 2999 757 3059 verba
771 3017 799 3059 v.
817 2994 836 3058 6
852 2996 995 3057 inutiliter
1017 3000 1206 3068 coacervate,
1226 3000 1342 3055 namet
1360 2993 1463 3066 πόλεις
1482 3001 1513 3057 et
1532 2989 1696 3082 ἀνθρώπων
1716 3017 1972 3076 supervacaneum
1993 3006 2049 3061 est.

416 3103 539 3162 Accedit
558 3101 637 3179 qnod
658 3102 688 3161 in
710 3100 775 3160 cod.
797 3093 823 3159 ε’
835 3100 933 3177 prima
953 3117 1042 3158 menn
1060 3099 1170 3174 legitur
1189 3091 1313 3167 πολτάς.
1351 3096 1456 3174 Itaque
1476 3116 1567 3175 quum
1589 3118 1608 3158 a
1627 3101 1826 3178 paraphrastes
1848 3120 1874 3159 v.
1892 3104 1973 3162 6-8
1989 3120 2050 3162 non

416 3203 477 3262 sint
497 3201 630 3282 expressi
652 3199 700 3282 (H.
725 3198 812 3282 1621,
837 3201 926 3262 Bebr.
947 3191 1164 3260 abindieendos
1186 3217 1253 3259 esse
1274 3217 1392 3260 censeo.
1431 3199 1617 3278 Quamquam
1636 3201 1717 3262 taciti
1732 3220 1823 3280 opere
1837 3221 1893 3280 pro
1908 3204 2047 3282 spondeo

417 3305 623 3364 restitueretur
648 3287 769 3366 iambus
802 3305 913 3382 scripto
941 3322 970 3362 v.
998 3297 1114 3372 πόληας
1145 3301 1223 3379 quod
1251 3302 1338 3362 simul
1363 3302 1493 3379 vestigia
1524 3303 1690 3364 litterarum
1720 3306 1888 3365 accuratius
1915 3306 2050 3382 sequitur
2121 3300 2123 3302 ’

417 3405 540 3466 Seidler.
563 3422 618 3482 pro
637 3399 692 3474 τάς
713 3408 902 3466 restituturus
924 3409 988 3464 erat
1007 3400 1060 3472 τίς.
1089 3407 1144 3474 73,
1158 3408 1196 3490 ¹1.
1218 3391 1305 3473 ὀξέην
1325 3396 1386 3486 εἶχε
1407 3400 1557 3490 sauppe:
1583 3405 1640 3466 Db.
1661 3407 1697 3466 ci.
1728 3407 1803 3490 ἔχει,
1823 3407 1904 3483 qnod
1925 3426 1983 3469 non
2003 3425 2050 3484 pr.

416 3527 444 3567 ν.
468 3497 559 3592 ἔχειν,
586 3512 619 3568 ut
641 3525 707 3566 cum
728 3506 795 3566 eliis
816 3506 929 3567 (iubeto
950 3507 1048 3567 visum
1069 3511 1130 3580 est,
1158 3507 1212 3566 sed
1233 3506 1316 3583 impf.
1337 3525 1366 3567 v.
1386 3501 1465 3590 χέειν
1486 3524 1554 3567 esse
1576 3508 1685 3568 voluit:
1712 3509 1796 3568 cuins
1816 3513 1917 3568 tamen
1937 3509 2051 3570 formae

408 3601 585 3688 ¹exemplum
608 3609 706 3668 adhuc
728 3607 874 3669 desidero.
906 3597 1033 3668 'Rectius
1053 3607 1153 3668 Herm.
1177 3599 1254 3690 εἶχεν
1274 3593 1360 3676 ὀξέην
1380 3597 1533 3694 stuppis:
1558 3609 1611 3670 sed
1631 3611 1663 3670 in
1682 3609 1788 3670 ultima
1807 3629 1836 3671 ν.
1856 3611 1929 3672 sede
1948 3611 2052 3671 vitium

418 3730 577 3772 remanens
596 3717 740 3782 ¹accentus
761 3711 867 3788 arguit.
906 3709 961 3770 Vix
981 3715 1079 3770 autem
1106 3715 1187 3768 recte
1209 3727 1245 3768 ex
1266 3707 1349 3786 Ibyci
1375 3708 1487 3794 κλαγγί
1512 3709 1697 3772 Schneidew.
1724 3711 1809 3772 finxit
1833 3730 1894 3773 acc.
1915 3708 2051 3797 κλάγγα.

418 3817 468 3887 95,
487 3817 525 3873 63
542 3810 595 3871 καὶ
609 3800 715 3898 γρύξαι
729 3831 759 3870 τι
778 3811 932 3895 τολμήσῃς
947 3813 987 3872 Αι
1014 3831 1041 3872 ν.
1057 3831 1087 3870 πι
1107 3817 1178 3870 ante
1198 3796 1302 3894 γρύίαι
1317 3795 1551 3884 collocaverunt,
1573 3814 1626 3874 sed
1642 3817 1768 3874 mmmm
1781 3819 1816 3874 ut
1828 3819 1918 3874 antea
1931 3814 2050 3875 labitur.
2132 3807 2137 3902 1

418 3914 483 3974 Nisi
502 3915 578 3976 torte
600 3935 628 3974 v.
648 3915 757 3976 Bebrio
777 3913 993 3974 abiudieandus
1014 3918 1074 3987 est,
1097 3930 1173 4002 quae
1193 3916 1258 3970 erat
1276 3911 1332 3972 Db.
1355 3919 1385 3971 et
1408 3911 1443 3974 G.
1464 3914 1565 3975 Herm.
1585 3916 1748 3990 sententie,
1769 3916 1874 3976 uitium
1895 3917 2013 3991 subest3
2033 3936 2053 3976 a
2135 3913 2138 3934 ¹

420 4017 560 4094 paraphr.
585 4017 759 4096 exprimitur
779 4015 813 4075 F.
837 4016 897 4075 356
920 4011 967 4090 (H.
986 4017 1062 4088 243,
1086 4008 1147 4092 35).
1186 4013 1290 4089 Neque
1311 4015 1389 4091 quod
1410 4015 1519 4091 legitur
1540 4009 1671 4099 μεθεῖναι
1691 4013 1748 4085 τὴν
1766 4014 1865 4078 πίστιν
1883 4021 1992 4093 100,4
2013 4020 2052 4078 ab

418 4117 486 4194 ipso
501 4117 608 4178 Bebrio
630 4119 796 4197 proiectum
816 4135 885 4178 esse
907 4117 1004 4178 credo.
1041 4115 1126 4176 Alter
1146 4115 1231 4175 locus
1251 4134 1433 4194 magnopere
1454 4124 1614 4195 suspectus
1640 4120 1767 4180 alterum
1780 4137 1888 4179 sanum
1908 4137 2052 4181 essenon
2140 4104 2141 4107 ¹

419 4217 561 4278 defendit.
590 4222 639 4296 97,
656 4223 673 4281 8
695 4226 794 4280 antem
815 4211 882 4277 ἀλλ’
902 4211 921 4284 ἢ
944 4202 1102 4304 θεσμώπην
1122 4235 1197 4278 corr.
1218 4216 1333 4298 Seidler
1353 4225 1383 4277 et
1403 4218 1541 4280 Schneid.
1562 4241 1590 4282 ν.
1610 4224 1679 4296 130,
1696 4222 1714 4280 5
1735 4215 1817 4278 ἀλλιὶ
1837 4205 1863 4278 θ.
1878 4215 2052 4305 ηλαφρύνθη

422 4324 492 4396 111,
510 4323 528 4379 6
545 4320 581 4380 ci.
604 4319 722 4380 Leehm.
739 4326 798 4400 est3
815 4321 842 4380 A
859 4317 918 4396 eu:
936 4312 1042 4398 itaque
1058 4337 1148 4396 quum
1163 4318 1403 4396 imperitissimus
1419 4321 1485 4381 cod.
1502 4323 1528 4382 A
1544 4324 1645 4383 scriba
1657 4323 1737 4399 qnod
1753 4323 1840 4382 metri
1854 4341 1905 4382 ars
1920 4324 2054 4401 postulat

419 4423 590 4500 scripserit,
617 4423 665 4482 vix
690 4423 792 4484 licebit
816 4422 897 4482 illem
924 4422 1094 4482 liberiorem
1121 4438 1227 4481 versus
1254 4427 1432 4482 structuram
1458 4425 1634 4501 corrigendo
1660 4425 1779 4486 inferre.
1816 4425 1877 4484 Ant
1899 4426 1984 4485 verbi
2007 4422 2051 4486 et

419 4529 611 4600 augmentum
627 4523 661 4582 B.
684 4525 823 4586 omisisse
846 4511 998 4602 putandus
1020 4527 1067 4582 est
1087 4516 1126 4600 (v.
1142 4522 1203 4582 Iac.
1219 4523 1256 4583 A.
1272 4522 1305 4582 Ρ.
1322 4543 1352 4602 p.
1368 4521 1458 4600 454),
1481 4532 1532 4586 aut
1551 4524 1593 4586 ὲλ
1608 4526 1686 4587 alius
1702 4526 1786 4586 verbi
1800 4525 1898 4586 locum
1914 4527 2050 4587 obtinuit.

423 4627 492 4699 123,
506 4629 524 4686 4
537 4621 658 4710 μέλλων
669 4615 772 4705 λήψειν
784 4623 881 4686 Minae
893 4642 1009 4704 apogr,
1025 4623 1089 4684 cod.
1104 4617 1208 4681 θέλων.
1226 4625 1296 4696 127,
1310 4627 1327 4684 2
1341 4619 1485 4692 ἀλήθειαν
1500 4622 1610 4711 μούνην
1625 4629 1715 4690 scrib.
1731 4633 1822 4703 esset,
1837 4647 1896 4689 non
1912 4620 2051 4699 ἀληθίην,

420 4744 495 4802 quae
511 4733 558 4787 est
571 4727 668 4787 torma
683 4725 776 4787 nihili.
814 4725 872 4787 Sed
888 4727 1057 4788 coniectura
1075 4727 1191 4786 tantum
1211 4726 1327 4800 nititnr;
1348 4727 1379 4786 in
1398 4734 1463 4790 tota
1480 4730 1502 4791 t.
1523 4731 1653 4808 plurima
1671 4731 1871 4791 incertissima
1893 4734 1971 4790 sunt.
2008 4729 2053 4789 De

421 4847 448 4888 v.
464 4847 492 4888 v.
512 4830 560 4901 19,
577 4831 604 4888 6.
623 4831 677 4902 36,
695 4829 723 4888 5.
741 4830 791 4902 35,
808 4830 835 4888 2.
863 4831 932 4904 106,
951 4830 999 4888 16.
1017 4830 1067 4901 94,
1084 4831 1114 4887 7.
1132 4830 1207 4900 120,
1225 4830 1253 4887 6.
1271 4831 1347 4901 123,
1366 4832 1403 4890 15
1419 4832 1498 4890 infra
1511 4838 1626 4908 agetur.
1664 4833 1761 4910 Epim.
1776 4833 1835 4894 loci
1849 4833 1881 4892 hi
1897 4837 1980 4891 sunt:
2004 4834 2053 4905 13,

424 4933 473 4989 13.
491 4931 540 5002 21,
561 4935 609 4990 11.
627 4932 677 5002 22,
697 4932 744 4991 16.
762 4933 812 5002 44,
830 4931 857 4990 8.
876 4933 925 5004 72,
943 4932 993 4990 23.
1011 4933 1060 4990 24.
1079 4933 1128 5004 81,
1146 4914 1179 4988 5.
1212 4928 1377 4990 Remanent
1390 4933 1481 5008 igitur
1497 4927 1624 5019 ἐγενηθη
1638 4953 1683 5012 pr.
1702 4939 1730 5009 1,
1747 4939 1776 4995 3.
1798 4928 1940 5017 εἰρηνεύοι
1956 4935 2007 5006 39,
2022 4937 2052 4992 4.

420 5024 594 5113 νἠλαφρύνθη
612 5036 685 5104 111,
703 5033 730 5092 6.
747 5017 852 5116 γρύὶαι
868 5034 924 5107 95,
941 5034 989 5092 63.
1014 5024 1148 5114 μεθεῖναι
1168 5034 1242 5104 100,
1259 5035 1278 5090 4
1298 5032 1355 5092 1οοὶ
1376 5040 1495 5111 praeter
1514 5037 1650 5096 ultimum
1665 5036 1733 5096 eliis
1750 5054 1867 5114 qnoque
1882 5036 1920 5095 de
1936 5034 2053 5094 caussis

421 5132 503 5192 dubii
525 5149 637 5194 omnes.
675 5133 762 5194 Errat
783 5151 852 5210 ergo
875 5133 920 5193 vir
940 5151 1079 5194 summus¹
1093 5133 1197 5194 Cobet.
1213 5132 1249 5192 V.
1265 5133 1285 5193 1.
1303 5136 1362 5194 367
1385 5155 1452 5197 cum
1472 5140 1528 5212 28,
1550 5142 1568 5199 8
1589 5157 1627 5198 ne
1648 5137 1681 5198 Β.
1704 5125 1815 5198 dixisse
1835 5142 1957 5216 putetur
1975 5140 2053 5194 παῦε

419 5234 515 5294 hunos
537 5234 628 5294 efficit
647 5251 781 5296 versum:
809 5235 836 5294 οἱ
852 5221 886 5294 δὲ
901 5230 1024 5314 παύου,
1046 5231 1087 5319 μθ
1107 5231 1207 5318 πρίον,
1229 5238 1347 5323 europe
1367 5245 1401 5300 ut
1414 5240 1526 5302 talibus
1547 5241 1686 5302 versibus
1700 5241 1833 5302 fruamm
1846 5245 1907 5300 tam
1922 5237 2055 5300 violenta
